%% This BibTeX bibliography file was created using BibDesk.
%% http://bibdesk.sourceforge.net/

%% Created for Farbod at 2019-07-14 19:27:11 +0200 


%% Saved with string encoding Unicode (UTF-8) 


@article{Hassani_2019,
   title={k-evolution: a relativistic N-body code for clustering dark energy},
   volume={2019},
   ISSN={1475-7516},
   url={http://dx.doi.org/10.1088/1475-7516/2019/12/011},
   DOI={10.1088/1475-7516/2019/12/011},
   number={12},
   journal={Journal of Cosmology and Astroparticle Physics},
   publisher={IOP Publishing},
   author={Hassani, Farbod and Adamek, Julian and Kunz, Martin and Vernizzi, Filippo},
   year={2019},
   month={Dec},
   pages={011?011}
}

@article{Lewandowski:2016yce,
    author = "Lewandowski, Matthew and Maleknejad, Azadeh and Senatore, Leonardo",
    title = "{An effective description of dark matter and dark energy in the mildly non-linear regime}",
    eprint = "1611.07966",
    archivePrefix = "arXiv",
    primaryClass = "astro-ph.CO",
    doi = "10.1088/1475-7516/2017/05/038",
    journal = "JCAP",
    volume = "05",
    pages = "038",
    year = "2017"
}

@article{Dakin:2019vnj,
      author         = "Dakin, Jeppe and Hannestad, Steen and Tram, Thomas and
                        Knabenhans, Mischa and Stadel, Joachim",
      title          = "{Dark energy perturbations in $N$-body simulations}",
      journal        = "JCAP",
      volume         = "1908",
      year           = "2019",
      pages          = "013",
      doi            = "10.1088/1475-7516/2019/08/013",
      eprint         = "1904.05210",
      archivePrefix  = "arXiv",
      primaryClass   = "astro-ph.CO",
      SLACcitation   = "%%CITATION = ARXIV:1904.05210;%%"
}
@article{Cusin:2017wjg,
      author         = "Cusin, Giulia and Lewandowski, Matthew and Vernizzi,
                        Filippo",
      title          = "{Dark Energy and Modified Gravity in the Effective Field
                        Theory of Large-Scale Structure}",
      journal        = "JCAP",
      volume         = "1804",
      year           = "2018",
      number         = "04",
      pages          = "005",
      doi            = "10.1088/1475-7516/2018/04/005",
      eprint         = "1712.02783",
      archivePrefix  = "arXiv",
      primaryClass   = "astro-ph.CO",
      SLACcitation   = "%%CITATION = ARXIV:1712.02783;%%"
}
@article{Frusciante:2017nfr,
      author         = "Frusciante, Noemi and Papadomanolakis, Georgios",
      title          = "{Tackling non-linearities with the effective field theory
                        of dark energy and modified gravity}",
      journal        = "JCAP",
      volume         = "1712",
      year           = "2017",
      number         = "12",
      pages          = "014",
      doi            = "10.1088/1475-7516/2017/12/014",
      eprint         = "1706.02719",
      archivePrefix  = "arXiv",
      primaryClass   = "gr-qc",
      SLACcitation   = "%%CITATION = ARXIV:1706.02719;%%"
}
@article{Frusciante:2019xia,
      author         = "Frusciante, Noemi and Perenon, Louis",
      title          = "{Effective Field Theory of Dark Energy: a Review}",
      year           = "2019",
      eprint         = "1907.03150",
      archivePrefix  = "arXiv",
      primaryClass   = "astro-ph.CO",
      SLACcitation   = "%%CITATION = ARXIV:1907.03150;%%"
}
@article{Sapone:2009mb,
      author         = "Sapone, Domenico and Kunz, Martin",
      title          = "{Fingerprinting Dark Energy}",
      journal        = "Phys. Rev.",
      volume         = "D80",
      year           = "2009",
      pages          = "083519",
      doi            = "10.1103/PhysRevD.80.083519",
      eprint         = "0909.0007",
      archivePrefix  = "arXiv",
      primaryClass   = "astro-ph.CO",
      SLACcitation   = "%%CITATION = ARXIV:0909.0007;%%"
}

@article{Cai:2008sm,
      author         = "Cai, Yan-Chuan and Cole, Shaun and Jenkins, Adrian and
                        Frenk, Carlos",
      title          = "{Towards accurate modelling of the integrated
                        Sachsâ€“Wolfe effect: the non-linear contribution}",
      journal        = "Mon. Not. Roy. Astron. Soc.",
      volume         = "396",
      year           = "2009",
      pages          = "772-778",
      doi            = "10.1111/j.1365-2966.2009.14780.x",
      eprint         = "0809.4488",
      archivePrefix  = "arXiv",
      primaryClass   = "astro-ph",
      SLACcitation   = "%%CITATION = ARXIV:0809.4488;%%"
}

@article{EHairer,
	Author = {Ernst Hairer, Christian Lubich, Gerhard Wanner},
	Date-Added = {2019-07-14 17:23:29 +0000},
	Date-Modified = {2019-07-14 17:27:08 +0000},
	Journal = {Acta numerica},
	Pages = {399-450},
	Title = {Geometric numerical integration illustrated by the St{\"o}rmer--Verlet method},
	Volume = {12},
	Year = {2003/5}}

@article{Weller:2003hw,
	Archiveprefix = {arXiv},
	Author = {Weller, Jochen and Lewis, A. M.},
	Doi = {10.1111/j.1365-2966.2003.07144.x},
	Eprint = {astro-ph/0307104},
	Journal = {Mon. Not. Roy. Astron. Soc.},
	Pages = {987-993},
	Primaryclass = {astro-ph},
	Slaccitation = {%%CITATION = ASTRO-PH/0307104;%%},
	Title = {{Large scale cosmic microwave background anisotropies and dark energy}},
	Volume = {346},
	Year = {2003},
	Bdsk-Url-1 = {http://dx.doi.org/10.1111/j.1365-2966.2003.07144.x}}}

@article{Creminelli:2008wc,
	Archiveprefix = {arXiv},
	Author = {Creminelli, Paolo and D'Amico, Guido and Norena, Jorge and Vernizzi, Filippo},
	Doi = {10.1088/1475-7516/2009/02/018},
	Eprint = {0811.0827},
	Journal = {JCAP},
	Pages = {018},
	Primaryclass = {astro-ph},
	Slaccitation = {%%CITATION = ARXIV:0811.0827;%%},
	Title = {{The Effective Theory of Quintessence: the w<-1 Side Unveiled}},
	Volume = {0902},
	Year = {2009},
	Bdsk-Url-1 = {https://doi.org/10.1088/1475-7516/2009/02/018}}}

@article{Gubitosi:2012hu,
	Archiveprefix = {arXiv},
	Author = {Gubitosi, Giulia and Piazza, Federico and Vernizzi, Filippo},
	Doi = {10.1088/1475-7516/2013/02/032},
	Eprint = {1210.0201},
	Journal = {JCAP},
	Note = {[JCAP1302,032(2013)]},
	Pages = {032},
	Primaryclass = {hep-th},
	Slaccitation = {%%CITATION = ARXIV:1210.0201;%%},
	Title = {{The Effective Field Theory of Dark Energy}},
	Volume = {1302},
	Year = {2013},
	Bdsk-Url-1 = {https://doi.org/10.1088/1475-7516/2013/02/032}}
	}

@article{Brandbyge:2008js,
	Archiveprefix = {arXiv},
	Author = {Brandbyge, Jacob and Hannestad, Steen},
	Doi = {10.1088/1475-7516/2009/05/002},
	Eprint = {0812.3149},
	Journal = {JCAP},
	Pages = {002},
	Primaryclass = {astro-ph},
	Slaccitation = {%%CITATION = ARXIV:0812.3149;%%},
	Title = {{Grid Based Linear Neutrino Perturbations in Cosmological N-body Simulations}},
	Volume = {0905},
	Year = {2009},
	Bdsk-Url-1 = {https://doi.org/10.1088/1475-7516/2009/05/002}}
}

@article{Brandbyge:2016raj,
      author         = "Brandbyge, Jacob and Rampf, Cornelius and Tram, Thomas
                        and Leclercq, Florent and Fidler, Christian and Hannestad,
                        Steen",
      title          = "{Cosmological $N$-body simulations including radiation
                        perturbations}",
      journal        = "Mon. Not. Roy. Astron. Soc.",
      volume         = "466",
      year           = "2017",
      pages          = "L68-L72",
      doi            = "10.1093/mnrasl/slw235",
      eprint         = "1610.04236",
      archivePrefix  = "arXiv",
      primaryClass   = "astro-ph.CO",
      SLACcitation   = "%%CITATION = ARXIV:1610.04236;%%"
}

@article{Adamek:2017uiq,
	Archiveprefix = {arXiv},
	Author = {Adamek, Julian and Durrer, Ruth and Kunz, Martin},
	Doi = {10.1088/1475-7516/2017/11/004},
	Eprint = {1707.06938},
	Journal = {JCAP},
	Number = {11},
	Pages = {004},
	Primaryclass = {astro-ph.CO},
	Slaccitation = {%%CITATION = ARXIV:1707.06938;%%},
	Title = {{Relativistic N-body simulations with massive neutrinos}},
	Volume = {1711},
	Year = {2017},
	Bdsk-Url-1 = {https://doi.org/10.1088/1475-7516/2017/11/004}}
}

@article{Fidler:2016tir,
      author         = "Fidler, Christian and Tram, Thomas and Rampf, Cornelius
                        and Crittenden, Robert and Koyama, Kazuya and Wands,
                        David",
      title          = "{Relativistic Interpretation of Newtonian Simulations for
                        Cosmic Structure Formation}",
      journal        = "JCAP",
      volume         = "1609",
      year           = "2016",
      number         = "09",
      pages          = "031",
      doi            = "10.1088/1475-7516/2016/09/031",
      eprint         = "1606.05588",
      archivePrefix  = "arXiv",
      primaryClass   = "astro-ph.CO",
      SLACcitation   = "%%CITATION = ARXIV:1606.05588;%%"
}

@article{Adamek:2017grt,
	Archiveprefix = {arXiv},
	Author = {Adamek, Julian and Brandbyge, Jacob and Fidler, Christian and Hannestad, Steen and Rampf, Cornelius and Tram, Thomas},
	Doi = {10.1093/mnras/stx1157},
	Eprint = {1703.08585},
	Journal = {Mon. Not. Roy. Astron. Soc.},
	Number = {1},
	Pages = {303-313},
	Primaryclass = {astro-ph.CO},
	Slaccitation = {%%CITATION = ARXIV:1703.08585;%%},
	Title = {{The effect of early radiation in N-body simulations of cosmic structure formation}},
	Volume = {470},
	Year = {2017},
	Bdsk-Url-1 = {https://doi.org/10.1093/mnras/stx1157}}
}

@article{Lewandowski:2016yce,
	Archiveprefix = {arXiv},
	Author = {Lewandowski, Matthew and Maleknejad, Azadeh and Senatore, Leonardo},
	Doi = {10.1088/1475-7516/2017/05/038},
	Eprint = {1611.07966},
	Journal = {JCAP},
	Number = {05},
	Pages = {038},
	Primaryclass = {astro-ph.CO},
	Slaccitation = {%%CITATION = ARXIV:1611.07966;%%},
	Title = {{An effective description of dark matter and dark energy in the mildly non-linear regime}},
	Volume = {1705},
	Year = {2017},
	Bdsk-Url-1 = {https://doi.org/10.1088/1475-7516/2017/05/038}}
}

@article{Jacobson:2008aj,
	Archiveprefix = {arXiv},
	Author = {Jacobson, Ted},
	Booktitle = {{Proceedings, Workshop on From quantum to emergent gravity: Theory and phenomenology (QG-Ph): Trieste, Italy, June 11-15, 2007}},
	Eprint = {0801.1547},
	Journal = {PoS},
	Pages = {020},
	Primaryclass = {gr-qc},
	Slaccitation = {%%CITATION = ARXIV:0801.1547;%%},
	Title = {{Einstein-aether gravity: A Status report}},
	Volume = {QG-PH},
	Year = {2007}}
}

@article{Blas:2010hb,
	Archiveprefix = {arXiv},
	Author = {Blas, Diego and Pujolas, Oriol and Sibiryakov, Sergey},
	Doi = {10.1007/JHEP04(2011)018},
	Eprint = {1007.3503},
	Journal = {JHEP},
	Pages = {018},
	Primaryclass = {hep-th},
	Slaccitation = {%%CITATION = ARXIV:1007.3503;%%},
	Title = {{Models of non-relativistic quantum gravity: The Good, the bad and the healthy}},
	Volume = {04},
	Year = {2011},
	Bdsk-Url-1 = {http://dx.doi.org/10.1007/JHEP04(2011)018}}
}

@article{Luty:2003vm,
	Archiveprefix = {arXiv},
	Author = {Luty, Markus A. and Porrati, Massimo and Rattazzi, Riccardo},
	Doi = {10.1088/1126-6708/2003/09/029},
	Eprint = {hep-th/0303116},
	Journal = {JHEP},
	Pages = {029},
	Primaryclass = {hep-th},
	Reportnumber = {CERN-TH-2003-044, UMD-PP-03-041},
	Slaccitation = {%%CITATION = HEP-TH/0303116;%%},
	Title = {{Strong interactions and stability in the DGP model}},
	Volume = {09},
	Year = {2003},
	Bdsk-Url-1 = {http://dx.doi.org/10.1088/1126-6708/2003/09/029}}
}

@article{SantoniTrincherini,
	Author = {Santoni, L. and Trincherini, E.},
	Journal = {Unpublished}}

@article{Langlois:2017mxy,
	Archiveprefix = {arXiv},
	Author = {Langlois, David and Mancarella, Michele and Noui, Karim and Vernizzi, Filippo},
	Date-Added = {2017-10-08 16:09:22 +0000},
	Date-Modified = {2017-10-08 16:09:22 +0000},
	Doi = {10.1088/1475-7516/2017/05/033},
	Eprint = {1703.03797},
	Journal = {JCAP},
	Number = {05},
	Pages = {033},
	Primaryclass = {hep-th},
	Slaccitation = {%%CITATION = ARXIV:1703.03797;%%},
	Title = {{Effective Description of Higher-Order Scalar-Tensor Theories}},
	Volume = {1705},
	Year = {2017},
	Bdsk-Url-1 = {http://dx.doi.org/10.1088/1475-7516/2017/05/033}}
}

@article{Baskaran:2008za,
	Archiveprefix = {arXiv},
	Author = {Baskaran, D. and Polnarev, A. G. and Pshirkov, M. S. and Postnov, K. A.},
	Date-Added = {2017-10-08 12:49:51 +0000},
	Date-Modified = {2017-10-08 12:49:51 +0000},
	Doi = {10.1103/PhysRevD.78.044018},
	Eprint = {0805.3103},
	Journal = {Phys. Rev.},
	Pages = {044018},
	Primaryclass = {astro-ph},
	Slaccitation = {%%CITATION = ARXIV:0805.3103;%%},
	Title = {{Limits on the speed of gravitational waves from pulsar timing}},
	Volume = {D78},
	Year = {2008},
	Bdsk-Url-1 = {http://dx.doi.org/10.1103/PhysRevD.78.044018}}
}

@article{Bettoni:2016mij,
	Archiveprefix = {arXiv},
	Author = {Bettoni, Dario and Ezquiaga, Jose Mar{\'\i}a and Hinterbichler, Kurt and Zumalac{\'a}rregui, Miguel},
	Date-Added = {2017-10-08 10:51:39 +0000},
	Date-Modified = {2017-10-08 10:51:39 +0000},
	Doi = {10.1103/PhysRevD.95.084029},
	Eprint = {1608.01982},
	Journal = {Phys. Rev.},
	Number = {8},
	Pages = {084029},
	Primaryclass = {gr-qc},
	Reportnumber = {NORDITA-2016-86, IFT-UAM-CSIC-16-074},
	Slaccitation = {%%CITATION = ARXIV:1608.01982;%%},
	Title = {{Speed of Gravitational Waves and the Fate of Scalar-Tensor Gravity}},
	Volume = {D95},
	Year = {2017},
	Bdsk-Url-1 = {http://dx.doi.org/10.1103/PhysRevD.95.084029}}
}

@article{Cusinetal2017,
	Author = {Cusin, G. and Lewandowski, M. and Vernizzi, F.},
	Date-Added = {2017-10-07 08:52:51 +0000},
	Date-Modified = {2017-10-07 08:55:18 +0000},
	Journal = {in preparation},
	Title = {Effective Theory of Dark Energy on Mildly Nonlinear Scales},
	Year = {2017}}

@article{Kimura:2011dc,
	Archiveprefix = {arXiv},
	Author = {Kimura, Rampei and Kobayashi, Tsutomu and Yamamoto, Kazuhiro},
	Date-Added = {2017-10-06 15:46:27 +0000},
	Date-Modified = {2017-10-06 15:46:27 +0000},
	Doi = {10.1103/PhysRevD.85.024023},
	Eprint = {1111.6749},
	Journal = {Phys. Rev.},
	Pages = {024023},
	Primaryclass = {astro-ph.CO},
	Slaccitation = {%%CITATION = ARXIV:1111.6749;%%},
	Title = {{Vainshtein screening in a cosmological background in the most general second-order scalar-tensor theory}},
	Volume = {D85},
	Year = {2012},
	Bdsk-Url-1 = {http://dx.doi.org/10.1103/PhysRevD.85.024023}}
}

@article{Deffayet:2009mn,
	Archiveprefix = {arXiv},
	Author = {Deffayet, C. and Deser, S. and Esposito-Farese, G.},
	Date-Added = {2016-09-22 12:29:16 +0000},
	Date-Modified = {2016-09-22 12:29:16 +0000},
	Doi = {10.1103/PhysRevD.80.064015},
	Eprint = {0906.1967},
	Journal = {Phys. Rev.},
	Pages = {064015},
	Primaryclass = {gr-qc},
	Slaccitation = {%%CITATION = ARXIV:0906.1967;%%},
	Title = {{Generalized Galileons: All scalar models whose curved background extensions maintain second-order field equations and stress-tensors}},
	Volume = {D80},
	Year = {2009},
	Bdsk-Url-1 = {http://dx.doi.org/10.1103/PhysRevD.80.064015}}
	}
	
@article{Deffayet:2009wt,
	Archiveprefix = {arXiv},
	Author = {Deffayet, C. and Esposito-Farese, Gilles and Vikman, A.},
	Date-Added = {2016-09-22 12:28:53 +0000},
	Date-Modified = {2016-09-22 12:28:53 +0000},
	Doi = {10.1103/PhysRevD.79.084003},
	Eprint = {0901.1314},
	Journal = {Phys. Rev.},
	Pages = {084003},
	Primaryclass = {hep-th},
	Slaccitation = {%%CITATION = ARXIV:0901.1314;%%},
	Title = {{Covariant Galileon}},
	Volume = {D79},
	Year = {2009},
	Bdsk-Url-1 = {http://dx.doi.org/10.1103/PhysRevD.79.084003}}
}

@article{Winther:2015pta,
	Archiveprefix = {arXiv},
	Author = {Winther, Hans A. and Ferreira, Pedro G.},
	Date-Added = {2016-09-14 15:56:28 +0000},
	Date-Modified = {2016-09-14 15:56:28 +0000},
	Doi = {10.1103/PhysRevD.92.064005},
	Eprint = {1505.03539},
	Journal = {Phys. Rev.},
	Pages = {064005},
	Primaryclass = {gr-qc},
	Slaccitation = {%%CITATION = ARXIV:1505.03539;%%},
	Title = {{Vainshtein mechanism beyond the quasistatic approximation}},
	Volume = {D92},
	Year = {2015},
	Bdsk-Url-1 = {http://dx.doi.org/10.1103/PhysRevD.92.064005}}
}

@article{deRham:2016wji,
	Archiveprefix = {arXiv},
	Author = {de Rham, Claudia and Matas, Andrew},
	Date-Added = {2016-09-09 15:19:53 +0000},
	Date-Modified = {2016-09-09 15:19:53 +0000},
	Doi = {10.1088/1475-7516/2016/06/041},
	Eprint = {1604.08638},
	Journal = {JCAP},
	Number = {06},
	Pages = {041},
	Primaryclass = {hep-th},
	Slaccitation = {%%CITATION = ARXIV:1604.08638;%%},
	Title = {{Ostrogradsky in Theories with Multiple Fields}},
	Volume = {1606},
	Year = {2016},
	Bdsk-Url-1 = {http://dx.doi.org/10.1088/1475-7516/2016/06/041}}
}

@article{Blas:2016qmn,
	Archiveprefix = {arXiv},
	Author = {Blas, Diego and Ivanov, Mikhail M. and Sawicki, Ignacy and Sibiryakov, Sergey},
	Date-Added = {2016-09-09 15:16:46 +0000},
	Date-Modified = {2016-09-09 15:16:46 +0000},
	Doi = {10.7868/S0370274X16100039, 10.1134/S0021364016100040, 10.1134/S0021364016100040, 10.7868/S0370274X16100039},
	Eprint = {1602.04188},
	Journal = {Pisma Zh. Eksp. Teor. Fiz.},
	Note = {[JETP Lett.103,no.10,624(2016)]},
	Number = {10},
	Pages = {708-710},
	Primaryclass = {gr-qc},
	Reportnumber = {CERN-TH-2016-034, INR-TH-2016-005},
	Slaccitation = {%%CITATION = ARXIV:1602.04188;%%},
	Title = {{On constraining the speed of gravitational waves following GW150914}},
	Volume = {103},
	Year = {2016},
	Bdsk-Url-1 = {http://dx.doi.org/10.7868/S0370274X16100039,%2010.1134/S0021364016100040,%2010.1134/S0021364016100040,%2010.7868/S0370274X16100039}}
}
}}
@article{Abbott:2016blz,
	Archiveprefix = {arXiv},
	Author = {Abbott, B. P. and others},
	Collaboration = {Virgo, LIGO Scientific},
	Date-Added = {2016-09-09 15:15:20 +0000},
	Date-Modified = {2016-09-09 15:15:20 +0000},
	Doi = {10.1103/PhysRevLett.116.061102},
	Eprint = {1602.03837},
	Journal = {Phys. Rev. Lett.},
	Number = {6},
	Pages = {061102},
	Primaryclass = {gr-qc},
	Reportnumber = {LIGO-P150914},
	Slaccitation = {%%CITATION = ARXIV:1602.03837;%%},
	Title = {{Observation of Gravitational Waves from a Binary Black Hole Merger}},
	Volume = {116},
	Year = {2016},
	Bdsk-Url-1 = {http://dx.doi.org/10.1103/PhysRevLett.116.061102}}
}
@article{Hu:1997hp,
	Archiveprefix = {arXiv},
	Author = {Hu, Wayne and White, Martin J.},
	Date-Added = {2016-08-22 06:11:14 +0000},
	Date-Modified = {2016-08-22 06:11:14 +0000},
	Doi = {10.1103/PhysRevD.56.596},
	Eprint = {astro-ph/9702170},
	Journal = {Phys. Rev.},
	Pages = {596-615},
	Primaryclass = {astro-ph},
	Reportnumber = {IASSNS-AST-97-11},
	Slaccitation = {%%CITATION = ASTRO-PH/9702170;%%},
	Title = {{CMB anisotropies: Total angular momentum method}},
	Volume = {D56},
	Year = {1997},
	Bdsk-Url-1 = {http://dx.doi.org/10.1103/PhysRevD.56.596}}
}
@article{Seljak:1996is,
	Archiveprefix = {arXiv},
	Author = {Seljak, Uros and Zaldarriaga, Matias},
	Date-Added = {2016-08-22 06:10:54 +0000},
	Date-Modified = {2016-08-22 06:10:54 +0000},
	Doi = {10.1086/177793},
	Eprint = {astro-ph/9603033},
	Journal = {Astrophys. J.},
	Pages = {437-444},
	Primaryclass = {astro-ph},
	Slaccitation = {%%CITATION = ASTRO-PH/9603033;%%},
	Title = {{A Line of sight integration approach to cosmic microwave background anisotropies}},
	Volume = {469},
	Year = {1996},
	Bdsk-Url-1 = {http://dx.doi.org/10.1086/177793}}
}
@article{Huang:2012mt,
	Archiveprefix = {arXiv},
	Author = {Huang, Zhiqi},
	Date-Added = {2016-08-22 06:10:36 +0000},
	Date-Modified = {2016-08-22 06:10:36 +0000},
	Doi = {10.1088/1475-7516/2012/06/012},
	Eprint = {1201.5961},
	Journal = {JCAP},
	Pages = {012},
	Primaryclass = {astro-ph.CO},
	Slaccitation = {%%CITATION = ARXIV:1201.5961;%%},
	Title = {{A Cosmology Forecast Toolkit -- CosmoLib}},
	Volume = {1206},
	Year = {2012},
	Bdsk-Url-1 = {http://dx.doi.org/10.1088/1475-7516/2012/06/012}}
}
@article{Kunz:2007rk,
	Archiveprefix = {arXiv},
	Author = {Kunz, Martin},
	Date-Added = {2016-08-21 13:35:01 +0000},
	Date-Modified = {2016-08-21 13:35:01 +0000},
	Doi = {10.1103/PhysRevD.80.123001},
	Eprint = {astro-ph/0702615},
	Journal = {Phys. Rev.},
	Pages = {123001},
	Primaryclass = {astro-ph},
	Slaccitation = {%%CITATION = ASTRO-PH/0702615;%%},
	Title = {{The dark degeneracy: On the number and nature of dark components}},
	Volume = {D80},
	Year = {2009},
	Bdsk-Url-1 = {http://dx.doi.org/10.1103/PhysRevD.80.123001}}
}
@article{Kitching:2014dtq,
	Archiveprefix = {arXiv},
	Author = {Kitching, T. D. and others},
	Collaboration = {CFHTLenS},
	Doi = {10.1093/mnras/stu934},
	Eprint = {1401.6842},
	Journal = {Mon. Not. Roy. Astron. Soc.},
	Number = {2},
	Pages = {1326-1349},
	Primaryclass = {astro-ph.CO},
	Slaccitation = {%%CITATION = ARXIV:1401.6842;%%},
	Title = {{3D Cosmic Shear: Cosmology from CFHTLenS}},
	Volume = {442},
	Year = {2014},
	Bdsk-Url-1 = {http://dx.doi.org/10.1093/mnras/stu934}}
}

@article{Heymans:2013fya,
	Archiveprefix = {arXiv},
	Author = {Heymans, Catherine and others},
	Doi = {10.1093/mnras/stt601},
	Eprint = {1303.1808},
	Journal = {Mon. Not. Roy. Astron. Soc.},
	Pages = {2433},
	Primaryclass = {astro-ph.CO},
	Slaccitation = {%%CITATION = ARXIV:1303.1808;%%},
	Title = {{CFHTLenS tomographic weak lensing cosmological parameter constraints: Mitigating the impact of intrinsic galaxy alignments}},
	Volume = {432},
	Year = {2013},
	Bdsk-Url-1 = {http://dx.doi.org/10.1093/mnras/stt601}}
}

@article{Marsh:2016ynw,
	Archiveprefix = {arXiv},
	Author = {Marsh, M. C. David},
	Eprint = {1606.01538},
	Primaryclass = {astro-ph.CO},
	Slaccitation = {%%CITATION = ARXIV:1606.01538;%%},
	Title = {{Exacerbating the cosmological constant problem with interacting dark energy}},
	Year = {2016}}
}

@article{Macaulay:2013swa,
	Archiveprefix = {arXiv},
	Author = {Macaulay, Edward and Wehus, Ingunn Kathrine and Eriksen, Hans Kristian},
	Date-Added = {2016-07-24 09:55:51 +0000},
	Date-Modified = {2016-07-24 09:55:51 +0000},
	Doi = {10.1103/PhysRevLett.111.161301},
	Eprint = {1303.6583},
	Journal = {Phys. Rev. Lett.},
	Number = {16},
	Pages = {161301},
	Primaryclass = {astro-ph.CO},
	Slaccitation = {%%CITATION = ARXIV:1303.6583;%%},
	Title = {{Lower Growth Rate from Recent Redshift Space Distortion Measurements than Expected from Planck}},
	Volume = {111},
	Year = {2013},
	Bdsk-Url-1 = {http://dx.doi.org/10.1103/PhysRevLett.111.161301}}
}

@article{Wyman:2013lza,
	Archiveprefix = {arXiv},
	Author = {Wyman, Mark and Rudd, Douglas H. and Vanderveld, R. Ali and Hu, Wayne},
	Date-Added = {2016-07-23 18:07:35 +0000},
	Date-Modified = {2016-07-23 18:07:35 +0000},
	Doi = {10.1103/PhysRevLett.112.051302},
	Eprint = {1307.7715},
	Journal = {Phys. Rev. Lett.},
	Number = {5},
	Pages = {051302},
	Primaryclass = {astro-ph.CO},
	Slaccitation = {%%CITATION = ARXIV:1307.7715;%%},
	Title = {{Neutrinos Help Reconcile Planck Measurements with the Local Universe}},
	Volume = {112},
	Year = {2014},
	Bdsk-Url-1 = {http://dx.doi.org/10.1103/PhysRevLett.112.051302}}
}

@article{Ade:2013lmv,
	Archiveprefix = {arXiv},
	Author = {Ade, P. A. R. and others},
	Collaboration = {Planck},
	Date-Added = {2016-07-23 18:06:17 +0000},
	Date-Modified = {2016-07-23 18:06:17 +0000},
	Doi = {10.1051/0004-6361/201321521},
	Eprint = {1303.5080},
	Journal = {Astron. Astrophys.},
	Pages = {A20},
	Primaryclass = {astro-ph.CO},
	Reportnumber = {CERN-PH-TH-2013-133},
	Slaccitation = {%%CITATION = ARXIV:1303.5080;%%},
	Title = {{Planck 2013 results. XX. Cosmology from Sunyaev--Zeldovich cluster counts}},
	Volume = {571},
	Year = {2014},
	Bdsk-Url-1 = {http://dx.doi.org/10.1051/0004-6361/201321521}}
}

@article{Battye:2014qga,
	Archiveprefix = {arXiv},
	Author = {Battye, Richard A. and Charnock, Tom and Moss, Adam},
	Date-Added = {2016-07-23 18:04:32 +0000},
	Date-Modified = {2016-07-23 18:04:32 +0000},
	Doi = {10.1103/PhysRevD.91.103508},
	Eprint = {1409.2769},
	Journal = {Phys. Rev.},
	Number = {10},
	Pages = {103508},
	Primaryclass = {astro-ph.CO},
	Slaccitation = {%%CITATION = ARXIV:1409.2769;%%},
	Title = {{Tension between the power spectrum of density perturbations measured on large and small scales}},
	Volume = {D91},
	Year = {2015},
	Bdsk-Url-1 = {http://dx.doi.org/10.1103/PhysRevD.91.103508}}
}

@article{Ade:2015fva,
	Archiveprefix = {arXiv},
	Author = {Ade, P. A. R. and others},
	Collaboration = {Planck},
	Date-Added = {2016-07-23 17:55:15 +0000},
	Date-Modified = {2016-07-23 17:55:15 +0000},
	Eprint = {1502.01597},
	Primaryclass = {astro-ph.CO},
	Slaccitation = {%%CITATION = ARXIV:1502.01597;%%},
	Title = {{Planck 2015 results. XXIV. Cosmology from Sunyaev-Zeldovich cluster counts}},
	Year = {2015}}
}

@article{Kunz:2015oqa,
	Archiveprefix = {arXiv},
	Author = {Kunz, Martin and Nesseris, Savvas and Sawicki, Ignacy},
	Date-Added = {2016-07-23 17:46:26 +0000},
	Date-Modified = {2016-07-23 17:46:26 +0000},
	Doi = {10.1103/PhysRevD.92.063006},
	Eprint = {1507.01486},
	Journal = {Phys. Rev.},
	Number = {6},
	Pages = {063006},
	Primaryclass = {astro-ph.CO},
	Slaccitation = {%%CITATION = ARXIV:1507.01486;%%},
	Title = {{Using dark energy to suppress power at small scales}},
	Volume = {D92},
	Year = {2015},
	Bdsk-Url-1 = {http://dx.doi.org/10.1103/PhysRevD.92.063006}}
}

@article{Lombriser:2015sxa,
	Archiveprefix = {arXiv},
	Author = {Lombriser, Lucas and Taylor, Andy},
	Date-Added = {2016-07-23 17:44:21 +0000},
	Date-Modified = {2016-07-23 17:44:21 +0000},
	Doi = {10.1088/1475-7516/2016/03/031},
	Eprint = {1509.08458},
	Journal = {JCAP},
	Number = {03},
	Pages = {031},
	Primaryclass = {astro-ph.CO},
	Slaccitation = {%%CITATION = ARXIV:1509.08458;%%},
	Title = {{Breaking a Dark Degeneracy with Gravitational Waves}},
	Volume = {1603},
	Year = {2016},
	Bdsk-Url-1 = {http://dx.doi.org/10.1088/1475-7516/2016/03/031}}
}

@article{Lombriser:2014ira,
	Archiveprefix = {arXiv},
	Author = {Lombriser, Lucas and Taylor, Andy},
	Date-Added = {2016-07-23 17:44:20 +0000},
	Date-Modified = {2016-07-23 17:44:20 +0000},
	Doi = {10.1103/PhysRevLett.114.031101},
	Eprint = {1405.2896},
	Journal = {Phys. Rev. Lett.},
	Number = {3},
	Pages = {031101},
	Primaryclass = {astro-ph.CO},
	Slaccitation = {%%CITATION = ARXIV:1405.2896;%%},
	Title = {{Classifying Linearly Shielded Modified Gravity Models in Effective Field Theory}},
	Volume = {114},
	Year = {2015},
	Bdsk-Url-1 = {http://dx.doi.org/10.1103/PhysRevLett.114.031101}}
}

@article{Kase:2014yya,
	Archiveprefix = {arXiv},
	Author = {Kase, Ryotaro and Tsujikawa, Shinji},
	Date-Added = {2016-07-21 10:57:13 +0000},
	Date-Modified = {2016-07-21 10:57:13 +0000},
	Doi = {10.1103/PhysRevD.90.044073},
	Eprint = {1407.0794},
	Journal = {Phys. Rev.},
	Pages = {044073},
	Primaryclass = {hep-th},
	Slaccitation = {%%CITATION = ARXIV:1407.0794;%%},
	Title = {{Cosmology in generalized Horndeski theories with second-order equations of motion}},
	Volume = {D90},
	Year = {2014},
	Bdsk-Url-1 = {http://dx.doi.org/10.1103/PhysRevD.90.044073}}
}

@article{Frusciante:2016xoj,
	Archiveprefix = {arXiv},
	Author = {Frusciante, Noemi and Papadomanolakis, Georgios and Silvestri, Alessandra},
	Date-Added = {2016-07-21 10:54:21 +0000},
	Date-Modified = {2016-07-21 10:54:21 +0000},
	Doi = {10.1088/1475-7516/2016/07/018},
	Eprint = {1601.04064},
	Journal = {JCAP},
	Number = {07},
	Pages = {018},
	Primaryclass = {gr-qc},
	Slaccitation = {%%CITATION = ARXIV:1601.04064;%%},
	Title = {{An Extended action for the effective field theory of dark energy: a stability analysis and a complete guide to the mapping at the basis of EFTCAMB}},
	Volume = {1607},
	Year = {2016},
	Bdsk-Url-1 = {http://dx.doi.org/10.1088/1475-7516/2016/07/018}}
}

@article{Bellini:2015xja,
	Archiveprefix = {arXiv},
	Author = {Bellini, Emilio and Cuesta, Antonio J. and Jimenez, Raul and Verde, Licia},
	Date-Added = {2016-07-21 10:51:48 +0000},
	Date-Modified = {2016-07-21 10:51:48 +0000},
	Doi = {10.1088/1475-7516/2016/06/E01, 10.1088/1475-7516/2016/02/053},
	Eprint = {1509.07816},
	Journal = {JCAP},
	Note = {[Erratum: JCAP1606,no.06,E01(2016)]},
	Number = {02},
	Pages = {053},
	Primaryclass = {astro-ph.CO},
	Slaccitation = {%%CITATION = ARXIV:1509.07816;%%},
	Title = {{Constraints on deviations from Î›CDM within Horndeski gravity}},
	Volume = {1602},
	Year = {2016},
	Bdsk-Url-1 = {http://dx.doi.org/10.1088/1475-7516/2016/06/E01,%2010.1088/1475-7516/2016/02/053}}
}
}}
@article{Raveri:2014cka,
	Archiveprefix = {arXiv},
	Author = {Raveri, Marco and Hu, Bin and Frusciante, Noemi and Silvestri, Alessandra},
	Date-Added = {2016-07-21 10:49:22 +0000},
	Date-Modified = {2016-07-21 10:49:22 +0000},
	Doi = {10.1103/PhysRevD.90.043513},
	Eprint = {1405.1022},
	Journal = {Phys. Rev.},
	Number = {4},
	Pages = {043513},
	Primaryclass = {astro-ph.CO},
	Slaccitation = {%%CITATION = ARXIV:1405.1022;%%},
	Title = {{Effective Field Theory of Cosmic Acceleration: constraining dark energy with CMB data}},
	Volume = {D90},
	Year = {2014},
	Bdsk-Url-1 = {http://dx.doi.org/10.1103/PhysRevD.90.043513}}
}
@article{Zumalacarregui:2016pph,
	Archiveprefix = {arXiv},
	Author = {Zumalac{\'a}rregui, Miguel and Bellini, Emilio and Sawicki, Ignacy and Lesgourgues, Julien},
	Date-Added = {2016-07-21 10:26:11 +0000},
	Date-Modified = {2016-07-21 11:00:09 +0000},
	Eprint = {1605.06102},
	Primaryclass = {astro-ph.CO},
	Reportnumber = {NORDITA-2016-41},
	Slaccitation = {%%CITATION = ARXIV:1605.06102;%%},
	Title = {{\verb|hi_class|: Horndeski in the Cosmic Linear Anisotropy Solving System}},
	Year = {2016}}
}
@article{Bettoni:2015wta,
	Archiveprefix = {arXiv},
	Author = {Bettoni, Dario and Zumalac{\'a}rregui, Miguel},
	Date-Added = {2016-07-21 10:19:36 +0000},
	Date-Modified = {2016-07-21 10:19:36 +0000},
	Doi = {10.1103/PhysRevD.91.104009},
	Eprint = {1502.02666},
	Journal = {Phys. Rev.},
	Pages = {104009},
	Primaryclass = {gr-qc},
	Reportnumber = {NORDITA-2015-51},
	Slaccitation = {%%CITATION = ARXIV:1502.02666;%%},
	Title = {{Kinetic mixing in scalar-tensor theories of gravity}},
	Volume = {D91},
	Year = {2015},
	Bdsk-Url-1 = {http://dx.doi.org/10.1103/PhysRevD.91.104009}}
}
@article{Baker:2011jy,
	Archiveprefix = {arXiv},
	Author = {Baker, Tessa and Ferreira, Pedro G. and Skordis, Constantinos and Zuntz, Joe},
	Date-Added = {2016-07-21 10:16:58 +0000},
	Date-Modified = {2016-07-21 10:16:58 +0000},
	Doi = {10.1103/PhysRevD.84.124018},
	Eprint = {1107.0491},
	Journal = {Phys. Rev.},
	Pages = {124018},
	Primaryclass = {astro-ph.CO},
	Slaccitation = {%%CITATION = ARXIV:1107.0491;%%},
	Title = {{Towards a fully consistent parameterization of modified gravity}},
	Volume = {D84},
	Year = {2011},
	Bdsk-Url-1 = {http://dx.doi.org/10.1103/PhysRevD.84.124018}}
}
@article{Battye:2013ida,
	Archiveprefix = {arXiv},
	Author = {Battye, Richard A. and Pearson, Jonathan A.},
	Date-Added = {2016-07-21 10:16:30 +0000},
	Date-Modified = {2016-07-21 10:16:30 +0000},
	Doi = {10.1088/1475-7516/2014/03/051},
	Eprint = {1311.6737},
	Journal = {JCAP},
	Pages = {051},
	Primaryclass = {astro-ph.CO},
	Slaccitation = {%%CITATION = ARXIV:1311.6737;%%},
	Title = {{Computing model independent perturbations in dark energy and modified gravity}},
	Volume = {1403},
	Year = {2014},
	Bdsk-Url-1 = {http://dx.doi.org/10.1088/1475-7516/2014/03/051}}
}

@article{Perenon:2015sla,
	Archiveprefix = {arXiv},
	Author = {Perenon, Louis and Piazza, Federico and Marinoni, Christian and Hui, Lam},
	Date-Added = {2016-07-21 09:23:08 +0000},
	Date-Modified = {2016-07-21 09:23:08 +0000},
	Doi = {10.1088/1475-7516/2015/11/029},
	Eprint = {1506.03047},
	Journal = {JCAP},
	Number = {11},
	Pages = {029},
	Primaryclass = {astro-ph.CO},
	Slaccitation = {%%CITATION = ARXIV:1506.03047;%%},
	Title = {{Phenomenology of dark energy: general features of large-scale perturbations}},
	Volume = {1511},
	Year = {2015},
	Bdsk-Url-1 = {http://dx.doi.org/10.1088/1475-7516/2015/11/029}}
}

@article{Jimenez:2015bwa,
	Archiveprefix = {arXiv},
	Author = {Beltran Jimenez, Jose and Piazza, Federico and Velten, Hermano},
	Date-Added = {2016-07-21 09:23:01 +0000},
	Date-Modified = {2016-07-21 09:23:01 +0000},
	Doi = {10.1103/PhysRevLett.116.061101},
	Eprint = {1507.05047},
	Journal = {Phys. Rev. Lett.},
	Number = {6},
	Pages = {061101},
	Primaryclass = {gr-qc},
	Slaccitation = {%%CITATION = ARXIV:1507.05047;%%},
	Title = {{Evading the Vainshtein Mechanism with Anomalous Gravitational Wave Speed: Constraints on Modified Gravity from Binary Pulsars}},
	Volume = {116},
	Year = {2016},
	Bdsk-Url-1 = {http://dx.doi.org/10.1103/PhysRevLett.116.061101}}
}

@article{Salvatelli:2016mgy,
	Archiveprefix = {arXiv},
	Author = {Salvatelli, Valentina and Piazza, Federico and Marinoni, Christian},
	Date-Added = {2016-07-21 09:22:36 +0000},
	Date-Modified = {2016-07-21 09:22:36 +0000},
	Eprint = {1602.08283},
	Primaryclass = {astro-ph.CO},
	Slaccitation = {%%CITATION = ARXIV:1602.08283;%%},
	Title = {{Constraints on modified gravity from Planck 2015: when the health of your theory makes the difference}},
	Year = {2016}}
}

@article{Huang:2015srv,
	Archiveprefix = {arXiv},
	Author = {Huang, Zhiqi},
	Date-Added = {2016-07-21 09:19:29 +0000},
	Date-Modified = {2016-07-21 09:19:29 +0000},
	Doi = {10.1103/PhysRevD.93.043538},
	Eprint = {1511.02808},
	Journal = {Phys. Rev.},
	Number = {4},
	Pages = {043538},
	Primaryclass = {astro-ph.CO},
	Slaccitation = {%%CITATION = ARXIV:1511.02808;%%},
	Title = {{Observational effects of a running Planck mass}},
	Volume = {D93},
	Year = {2016},
	Bdsk-Url-1 = {http://dx.doi.org/10.1103/PhysRevD.93.043538}}
}

@article{Leung:2016xli,
	Archiveprefix = {arXiv},
	Author = {Leung, Jason S. -Y. and Huang, Zhiqi},
	Date-Added = {2016-07-21 09:19:27 +0000},
	Date-Modified = {2016-07-21 09:19:27 +0000},
	Eprint = {1604.07330},
	Primaryclass = {astro-ph.CO},
	Slaccitation = {%%CITATION = ARXIV:1604.07330;%%},
	Title = {{Marginalized Fisher Forecast for Horndeski Dark Energy Models}},
	Year = {2016}}
}

@article{Saito:2015fza,
	Archiveprefix = {arXiv},
	Author = {Saito, Ryo and Yamauchi, Daisuke and Mizuno, Shuntaro and Gleyzes, J{\'e}r{\^o}me and Langlois, David},
	Date-Added = {2016-07-21 09:09:56 +0000},
	Date-Modified = {2016-07-21 09:09:56 +0000},
	Doi = {10.1088/1475-7516/2015/06/008},
	Eprint = {1503.01448},
	Journal = {JCAP},
	Pages = {008},
	Primaryclass = {gr-qc},
	Slaccitation = {%%CITATION = ARXIV:1503.01448;%%},
	Title = {{Modified gravity inside astrophysical bodies}},
	Volume = {1506},
	Year = {2015},
	Bdsk-Url-1 = {http://dx.doi.org/10.1088/1475-7516/2015/06/008}}
}

@article{Gleyzes:2014qga,
	Archiveprefix = {arXiv},
	Author = {Gleyzes, J{\'e}r{\^o}me and Langlois, David and Piazza, Federico and Vernizzi, Filippo},
	Date-Added = {2016-07-21 09:05:31 +0000},
	Date-Modified = {2016-07-21 09:05:31 +0000},
	Doi = {10.1088/1475-7516/2015/02/018},
	Eprint = {1408.1952},
	Journal = {JCAP},
	Pages = {018},
	Primaryclass = {astro-ph.CO},
	Slaccitation = {%%CITATION = ARXIV:1408.1952;%%},
	Title = {{Exploring gravitational theories beyond Horndeski}},
	Volume = {1502},
	Year = {2015},
	Bdsk-Url-1 = {http://dx.doi.org/10.1088/1475-7516/2015/02/018}}
}

@article{Kase:2015zva,
	Archiveprefix = {arXiv},
	Author = {Kase, Ryotaro and Tsujikawa, Shinji and De Felice, Antonio},
	Date-Added = {2016-07-21 09:05:02 +0000},
	Date-Modified = {2016-07-21 09:05:02 +0000},
	Doi = {10.1103/PhysRevD.93.024007},
	Eprint = {1510.06853},
	Journal = {Phys. Rev.},
	Number = {2},
	Pages = {024007},
	Primaryclass = {gr-qc},
	Reportnumber = {YITP-15-88},
	Slaccitation = {%%CITATION = ARXIV:1510.06853;%%},
	Title = {{Cosmology with a successful Vainshtein screening in theories beyond Horndeski}},
	Volume = {D93},
	Year = {2016},
	Bdsk-Url-1 = {http://dx.doi.org/10.1103/PhysRevD.93.024007}}
}

@article{Jalilvand:2019brk,
      author         = "Jalilvand, Mona and Ghosh, Basundhara and Majerotto,
                        Elisabetta and Bose, Benjamin and Durrer, Ruth and Kunz,
                        Martin",
      title          = "{Non-linear contributions to angular power spectra}",
      year           = "2019",
      eprint         = "1907.13109",
      archivePrefix  = "arXiv",
      primaryClass   = "astro-ph.CO",
      SLACcitation   = "%%CITATION = ARXIV:1907.13109;%%"
}

@article{Adamek:2016zes,
      author         = "Adamek, Julian and Daverio, David and Durrer, Ruth and
                        Kunz, Martin",
      title          = "{gevolution: a cosmological N-body code based on General
                        Relativity}",
      journal        = "JCAP",
      volume         = "1607",
      year           = "2016",
      number         = "07",
      pages          = "053",
      doi            = "10.1088/1475-7516/2016/07/053",
      eprint         = "1604.06065",
      archivePrefix  = "arXiv",
      primaryClass   = "astro-ph.CO",
      SLACcitation   = "%%CITATION = ARXIV:1604.06065;%%"
}

@article{Hansen:2019juz,
    author = "Hansen, Steen H. and Hassani, Farbod and Lombriser, Lucas and Kunz, Martin",
    title = "{Distinguishing cosmologies using the turn-around radius near galaxy clusters}",
    eprint = "1906.04748",
    archivePrefix = "arXiv",
    primaryClass = "astro-ph.CO",
    doi = "10.1088/1475-7516/2020/01/048",
    journal = "JCAP",
    volume = "01",
    pages = "048",
    year = "2020"
}


@article{Lesgourgues:2011re,
      author         = "Lesgourgues, Julien",
      title          = "{The Cosmic Linear Anisotropy Solving System (CLASS) I:
                        Overview}",
      year           = "2011",
      eprint         = "1104.2932",
      archivePrefix  = "arXiv",
      primaryClass   = "astro-ph.IM",
      SLACcitation   = "%%CITATION = ARXIV:1104.2932;%%"
}

@article{Cusin:2017mzw,
      author         = "Cusin, Giulia and Lewandowski, Matthew and Vernizzi,
                        Filippo",
      title          = "{Nonlinear Effective Theory of Dark Energy}",
      journal        = "JCAP",
      volume         = "1804",
      year           = "2018",
      number         = "04",
      pages          = "061",
      doi            = "10.1088/1475-7516/2018/04/061",
      eprint         = "1712.02782",
      archivePrefix  = "arXiv",
      primaryClass   = "astro-ph.CO",
      SLACcitation   = "%%CITATION = ARXIV:1712.02782;%%"
}

@article{Hassani:2019,
    author = "Hassani, Farbod and L'Huillier, Benjamin and Shafieloo, Arman and Kunz, Martin and Adamek, Julian",
    title = "{Parametrising non-linear dark energy perturbations}",
    eprint = "1910.01105",
    archivePrefix = "arXiv",
    primaryClass = "astro-ph.CO",
    doi = "10.1088/1475-7516/2020/04/039",
    journal = "JCAP",
    volume = "04",
    pages = "039",
    year = "2020"
}

@article{Adamek:2015eda,
      author         = "Adamek, Julian and Daverio, David and Durrer, Ruth and
                        Kunz, Martin",
      title          = "{General relativity and cosmic structure formation}",
      journal        = "Nature Phys.",
      volume         = "12",
      year           = "2016",
      pages          = "346-349",
      doi            = "10.1038/nphys3673",
      eprint         = "1509.01699",
      archivePrefix  = "arXiv",
      primaryClass   = "astro-ph.CO",
      SLACcitation   = "%%CITATION = ARXIV:1509.01699;%%"
}

@article{Sakstein:2016ggl,
	Archiveprefix = {arXiv},
	Author = {Sakstein, Jeremy and Wilcox, Harry and Bacon, David and Koyama, Kazuya and Nichol, Robert C.},
	Date-Added = {2016-07-21 09:03:45 +0000},
	Date-Modified = {2016-07-21 09:03:45 +0000},
	Doi = {10.1088/1475-7516/2016/07/019},
	Eprint = {1603.06368},
	Journal = {JCAP},
	Number = {07},
	Pages = {019},
	Primaryclass = {astro-ph.CO},
	Slaccitation = {%%CITATION = ARXIV:1603.06368;%%},
	Title = {{Testing Gravity Using Galaxy Clusters: New Constraints on Beyond Horndeski Theories}},
	Volume = {1607},
	Year = {2016},
	Bdsk-Url-1 = {http://dx.doi.org/10.1088/1475-7516/2016/07/019}}
}

@article{Crisostomi:2016czh,
	Archiveprefix = {arXiv},
	Author = {Crisostomi, Marco and Koyama, Kazuya and Tasinato, Gianmassimo},
	Date-Added = {2016-07-21 07:46:02 +0000},
	Date-Modified = {2016-07-21 07:46:02 +0000},
	Doi = {10.1088/1475-7516/2016/04/044},
	Eprint = {1602.03119},
	Journal = {JCAP},
	Number = {04},
	Pages = {044},
	Primaryclass = {hep-th},
	Slaccitation = {%%CITATION = ARXIV:1602.03119;%%},
	Title = {{Extended Scalar-Tensor Theories of Gravity}},
	Volume = {1604},
	Year = {2016},
	Bdsk-Url-1 = {http://dx.doi.org/10.1088/1475-7516/2016/04/044}}
}

@article{Langlois:2015cwa,
	Archiveprefix = {arXiv},
	Author = {Langlois, David and Noui, Karim},
	Date-Added = {2016-07-21 07:35:09 +0000},
	Date-Modified = {2016-07-21 07:35:09 +0000},
	Doi = {10.1088/1475-7516/2016/02/034},
	Eprint = {1510.06930},
	Journal = {JCAP},
	Number = {02},
	Pages = {034},
	Primaryclass = {gr-qc},
	Slaccitation = {%%CITATION = ARXIV:1510.06930;%%},
	Title = {{Degenerate higher derivative theories beyond Horndeski: evading the Ostrogradski instability}},
	Volume = {1602},
	Year = {2016},
	Bdsk-Url-1 = {http://dx.doi.org/10.1088/1475-7516/2016/02/034}}
}

@article{Achour:2016rkg,
	Archiveprefix = {arXiv},
	Author = {Ben Achour, Jibril and Langlois, David and Noui, Karim},
	Date-Added = {2016-07-21 07:34:47 +0000},
	Date-Modified = {2016-07-21 07:34:47 +0000},
	Doi = {10.1103/PhysRevD.93.124005},
	Eprint = {1602.08398},
	Journal = {Phys. Rev.},
	Number = {12},
	Pages = {124005},
	Primaryclass = {gr-qc},
	Slaccitation = {%%CITATION = ARXIV:1602.08398;%%},
	Title = {{Degenerate higher order scalar-tensor theories beyond Horndeski and disformal transformations}},
	Volume = {D93},
	Year = {2016},
	Bdsk-Url-1 = {http://dx.doi.org/10.1103/PhysRevD.93.124005}}
}

@article{Domenech:2015hka,
	Archiveprefix = {arXiv},
	Author = {Dom{\`e}nech, Guillem and Naruko, Atsushi and Sasaki, Misao},
	Date-Added = {2016-07-21 07:30:21 +0000},
	Date-Modified = {2016-07-21 07:30:21 +0000},
	Doi = {10.1088/1475-7516/2015/10/067},
	Eprint = {1505.00174},
	Journal = {JCAP},
	Number = {10},
	Pages = {067},
	Primaryclass = {gr-qc},
	Reportnumber = {YITP-15-22},
	Slaccitation = {%%CITATION = ARXIV:1505.00174;%%},
	Title = {{Cosmological disformal invariance}},
	Volume = {1510},
	Year = {2015},
	Bdsk-Url-1 = {http://dx.doi.org/10.1088/1475-7516/2015/10/067}}
}

@article{Ade:2015zua,
	Archiveprefix = {arXiv},
	Author = {Ade, P. A. R. and others},
	Collaboration = {Planck},
	Date-Added = {2016-07-20 09:57:49 +0000},
	Date-Modified = {2016-07-20 09:57:49 +0000},
	Doi = {10.1051/0004-6361/201525941},
	Eprint = {1502.01591},
	Primaryclass = {astro-ph.CO},
	Slaccitation = {%%CITATION = ARXIV:1502.01591;%%},
	Title = {{Planck 2015 results. XV. Gravitational lensing}},
	Year = {2015},
	Bdsk-Url-1 = {http://dx.doi.org/10.1051/0004-6361/201525941}}
}

@article{Domenech:2015tca,
	Archiveprefix = {arXiv},
	Author = {Dom{\`e}nech, Guillem and Mukohyama, Shinji and Namba, Ryo and Naruko, Atsushi and Saitou, Rio and Watanabe, Yota},
	Date-Added = {2016-07-19 12:47:01 +0000},
	Date-Modified = {2016-07-19 12:47:01 +0000},
	Doi = {10.1103/PhysRevD.92.084027},
	Eprint = {1507.05390},
	Journal = {Phys. Rev.},
	Number = {8},
	Pages = {084027},
	Primaryclass = {hep-th},
	Slaccitation = {%%CITATION = ARXIV:1507.05390;%%},
	Title = {{Derivative-dependent metric transformation and physical degrees of freedom}},
	Volume = {D92},
	Year = {2015},
	Bdsk-Url-1 = {http://dx.doi.org/10.1103/PhysRevD.92.084027}}}

@article{Amendola:2012ys,
	Archiveprefix = {arXiv},
	Author = {Amendola, Luca and others},
	Collaboration = {Euclid Theory Working Group},
	Date-Added = {2016-07-18 15:32:13 +0000},
	Date-Modified = {2016-07-18 15:32:13 +0000},
	Doi = {10.12942/lrr-2013-6},
	Eprint = {1206.1225},
	Journal = {Living Rev. Rel.},
	Pages = {6},
	Primaryclass = {astro-ph.CO},
	Slaccitation = {%%CITATION = ARXIV:1206.1225;%%},
	Title = {{Cosmology and fundamental physics with the Euclid satellite}},
	Volume = {16},
	Year = {2013},
	Bdsk-Url-1 = {http://dx.doi.org/10.12942/lrr-2013-6}}}

@article{Amendola:2016saw,
	Archiveprefix = {arXiv},
	Author = {Amendola, Luca and others},
	Date-Added = {2016-07-18 15:32:12 +0000},
	Date-Modified = {2016-07-18 15:32:12 +0000},
	Eprint = {1606.00180},
	Primaryclass = {astro-ph.CO},
	Slaccitation = {%%CITATION = ARXIV:1606.00180;%%},
	Title = {{Cosmology and Fundamental Physics with the Euclid Satellite}},
	Year = {2016}}}

@article{Lewis:2006fu,
	Archiveprefix = {arXiv},
	Author = {Lewis, Antony and Challinor, Anthony},
	Date-Added = {2016-07-18 15:29:37 +0000},
	Date-Modified = {2016-07-18 15:29:37 +0000},
	Doi = {10.1016/j.physrep.2006.03.002},
	Eprint = {astro-ph/0601594},
	Journal = {Phys. Rept.},
	Pages = {1-65},
	Primaryclass = {astro-ph},
	Slaccitation = {%%CITATION = ASTRO-PH/0601594;%%},
	Title = {{Weak gravitational lensing of the cmb}},
	Volume = {429},
	Year = {2006},
	Bdsk-Url-1 = {http://dx.doi.org/10.1016/j.physrep.2006.03.002}}}

@article{Bose:2016qun,
	Archiveprefix = {arXiv},
	Author = {Bose, Benjamin and Koyama, Kazuya},
	Date-Added = {2016-07-17 16:06:44 +0000},
	Date-Modified = {2016-07-17 16:06:44 +0000},
	Eprint = {1606.02520},
	Primaryclass = {astro-ph.CO},
	Slaccitation = {%%CITATION = ARXIV:1606.02520;%%},
	Title = {{A Perturbative Approach to the Redshift Space Power Spectrum: Beyond the Standard Model}},
	Year = {2016}}}

@article{Crisostomi:2016tcp,
	Archiveprefix = {arXiv},
	Author = {Crisostomi, Marco and Hull, Matthew and Koyama, Kazuya and Tasinato, Gianmassimo},
	Date-Added = {2016-07-17 16:06:42 +0000},
	Date-Modified = {2016-07-17 16:06:42 +0000},
	Doi = {10.1088/1475-7516/2016/03/038},
	Eprint = {1601.04658},
	Journal = {JCAP},
	Number = {03},
	Pages = {038},
	Primaryclass = {hep-th},
	Slaccitation = {%%CITATION = ARXIV:1601.04658;%%},
	Title = {{Horndeski: beyond, or not beyond?}},
	Volume = {1603},
	Year = {2016},
	Bdsk-Url-1 = {http://dx.doi.org/10.1088/1475-7516/2016/03/038}}}

@article{DeFelice:2015isa,
	Archiveprefix = {arXiv},
	Author = {De Felice, Antonio and Koyama, Kazuya and Tsujikawa, Shinji},
	Date-Added = {2016-07-17 16:06:41 +0000},
	Date-Modified = {2016-07-17 16:06:41 +0000},
	Doi = {10.1088/1475-7516/2015/05/058},
	Eprint = {1503.06539},
	Journal = {JCAP},
	Number = {05},
	Pages = {058},
	Primaryclass = {gr-qc},
	Slaccitation = {%%CITATION = ARXIV:1503.06539;%%},
	Title = {{Observational signatures of the theories beyond Horndeski}},
	Volume = {1505},
	Year = {2015},
	Bdsk-Url-1 = {http://dx.doi.org/10.1088/1475-7516/2015/05/058}}}

@article{Iglesias:2007nv,
	Archiveprefix = {arXiv},
	Author = {Iglesias, Alberto and Kaloper, Nemanja and Padilla, Antonio and Park, Minjoon},
	Date-Added = {2016-05-20 15:53:36 +0000},
	Date-Modified = {2016-05-20 15:53:36 +0000},
	Doi = {10.1103/PhysRevD.76.104001},
	Eprint = {0708.1163},
	Journal = {Phys. Rev.},
	Pages = {104001},
	Primaryclass = {astro-ph},
	Slaccitation = {%%CITATION = ARXIV:0708.1163;%%},
	Title = {{How (Not) to Palatini}},
	Volume = {D76},
	Year = {2007},
	Bdsk-Url-1 = {http://dx.doi.org/10.1103/PhysRevD.76.104001}}}

@article{Kobayashi:2014ida,
	Archiveprefix = {arXiv},
	Author = {Kobayashi, Tsutomu and Watanabe, Yuki and Yamauchi, Daisuke},
	Date-Added = {2016-05-09 07:34:51 +0000},
	Date-Modified = {2016-05-09 07:34:51 +0000},
	Doi = {10.1103/PhysRevD.91.064013},
	Eprint = {1411.4130},
	Journal = {Phys. Rev.},
	Number = {6},
	Pages = {064013},
	Primaryclass = {gr-qc},
	Reportnumber = {RUP-14-15, RESCEU-47-14},
	Slaccitation = {%%CITATION = ARXIV:1411.4130;%%},
	Title = {{Breaking of Vainshtein screening in scalar-tensor theories beyond Horndeski}},
	Volume = {D91},
	Year = {2015},
	Bdsk-Url-1 = {http://dx.doi.org/10.1103/PhysRevD.91.064013}}}

@article{Gleyzes:2015rua,
	Archiveprefix = {arXiv},
	Author = {Gleyzes, J{\'e}r{\^o}me and Langlois, David and Mancarella, Michele and Vernizzi, Filippo},
	Date-Added = {2016-05-09 07:33:25 +0000},
	Date-Modified = {2016-05-09 07:33:25 +0000},
	Doi = {10.1088/1475-7516/2016/02/056},
	Eprint = {1509.02191},
	Journal = {JCAP},
	Number = {02},
	Pages = {056},
	Primaryclass = {astro-ph.CO},
	Reportnumber = {CERN-PH-TH-2015-223},
	Slaccitation = {%%CITATION = ARXIV:1509.02191;%%},
	Title = {{Effective Theory of Dark Energy at Redshift Survey Scales}},
	Volume = {1602},
	Year = {2016},
	Bdsk-Url-1 = {http://dx.doi.org/10.1088/1475-7516/2016/02/056}}}

@article{Gleyzes:2013ooa,
	Archiveprefix = {arXiv},
	Author = {Gleyzes, Jerome and Langlois, David and Piazza, Federico and Vernizzi, Filippo},
	Date-Added = {2016-02-24 09:39:01 +0000},
	Date-Modified = {2016-02-24 09:39:01 +0000},
	Doi = {10.1088/1475-7516/2013/08/025},
	Eprint = {1304.4840},
	Journal = {JCAP},
	Pages = {025},
	Primaryclass = {hep-th},
	Slaccitation = {%%CITATION = ARXIV:1304.4840;%%},
	Title = {{Essential Building Blocks of Dark Energy}},
	Volume = {1308},
	Year = {2013},
	Bdsk-Url-1 = {http://dx.doi.org/10.1088/1475-7516/2013/08/025}}}

@article{Gleyzes:2014rba,
	Archiveprefix = {arXiv},
	Author = {Gleyzes, J{\'e}r{\^o}me and Langlois, David and Vernizzi, Filippo},
	Date-Added = {2016-02-24 09:38:48 +0000},
	Date-Modified = {2016-02-24 09:38:48 +0000},
	Doi = {10.1142/S021827181443010X},
	Eprint = {1411.3712},
	Journal = {Int. J. Mod. Phys.},
	Number = {13},
	Pages = {1443010},
	Primaryclass = {hep-th},
	Slaccitation = {%%CITATION = ARXIV:1411.3712;%%},
	Title = {{A unifying description of dark energy}},
	Volume = {D23},
	Year = {2015},
	Bdsk-Url-1 = {http://dx.doi.org/10.1142/S021827181443010X}}}

@article{Lombriser:2015cla,
	Archiveprefix = {arXiv},
	Author = {Lombriser, Lucas and Taylor, Andy},
	Date-Added = {2016-01-29 11:36:09 +0000},
	Date-Modified = {2016-01-29 11:36:09 +0000},
	Doi = {10.1088/1475-7516/2015/11/040},
	Eprint = {1505.05915},
	Journal = {JCAP},
	Number = {11},
	Pages = {040},
	Primaryclass = {astro-ph.CO},
	Slaccitation = {%%CITATION = ARXIV:1505.05915;%%},
	Title = {{Semi-dynamical perturbations of unified dark energy}},
	Volume = {1511},
	Year = {2015},
	Bdsk-Url-1 = {http://dx.doi.org/10.1088/1475-7516/2015/11/040}}}

@article{Brax:2015pka,
	Archiveprefix = {arXiv},
	Author = {Brax, Philippe and Valageas, Patrick},
	Date-Added = {2016-01-29 11:33:04 +0000},
	Date-Modified = {2016-01-29 11:33:04 +0000},
	Doi = {10.1088/1475-7516/2016/01/020},
	Eprint = {1509.00611},
	Journal = {JCAP},
	Number = {01},
	Pages = {020},
	Primaryclass = {astro-ph.CO},
	Slaccitation = {%%CITATION = ARXIV:1509.00611;%%},
	Title = {{The effective field theory of K-mouflage}},
	Volume = {1601},
	Year = {2016},
	Bdsk-Url-1 = {http://dx.doi.org/10.1088/1475-7516/2016/01/020}}}

@article{Tsujikawa:2015mga,
	Archiveprefix = {arXiv},
	Author = {Tsujikawa, Shinji},
	Date-Added = {2016-01-29 11:31:56 +0000},
	Date-Modified = {2016-01-29 11:31:56 +0000},
	Doi = {10.1103/PhysRevD.92.044029},
	Eprint = {1505.02459},
	Journal = {Phys. Rev.},
	Number = {4},
	Pages = {044029},
	Primaryclass = {astro-ph.CO},
	Slaccitation = {%%CITATION = ARXIV:1505.02459;%%},
	Title = {{Possibility of realizing weak gravity in redshift space distortion measurements}},
	Volume = {D92},
	Year = {2015},
	Bdsk-Url-1 = {http://dx.doi.org/10.1103/PhysRevD.92.044029}}}

@article{Burgess:2014lwa,
	Archiveprefix = {arXiv},
	Author = {Burgess, C. P. and Williams, M.},
	Date-Added = {2016-01-28 11:36:39 +0000},
	Date-Modified = {2016-01-28 11:36:39 +0000},
	Doi = {10.1007/JHEP08(2014)074},
	Eprint = {1404.2236},
	Journal = {JHEP},
	Pages = {074},
	Primaryclass = {gr-qc},
	Slaccitation = {%%CITATION = ARXIV:1404.2236;%%},
	Title = {{Who You Gonna Call? Runaway Ghosts, Higher Derivatives and Time-Dependence in EFTs}},
	Volume = {08},
	Year = {2014},
	Bdsk-Url-1 = {http://dx.doi.org/10.1007/JHEP08(2014)074}}}

@article{ArkaniHamed:2003uy,
	Archiveprefix = {arXiv},
	Author = {Arkani-Hamed, Nima and Cheng, Hsin-Chia and Luty, Markus A. and Mukohyama, Shinji},
	Date-Added = {2016-01-28 11:24:12 +0000},
	Date-Modified = {2016-01-28 11:24:12 +0000},
	Doi = {10.1088/1126-6708/2004/05/074},
	Eprint = {hep-th/0312099},
	Journal = {JHEP},
	Pages = {074},
	Primaryclass = {hep-th},
	Reportnumber = {HUTP-03-A081, UMD-PPP-04-012},
	Slaccitation = {%%CITATION = HEP-TH/0312099;%%},
	Title = {{Ghost condensation and a consistent infrared modification of gravity}},
	Volume = {05},
	Year = {2004},
	Bdsk-Url-1 = {http://dx.doi.org/10.1088/1126-6708/2004/05/074}}}

@article{ArkaniHamed:2005gu,
	Archiveprefix = {arXiv},
	Author = {Arkani-Hamed, Nima and Cheng, Hsin-Chia and Luty, Markus A. and Mukohyama, Shinji and Wiseman, Toby},
	Date-Added = {2016-01-28 11:23:34 +0000},
	Date-Modified = {2016-01-28 11:23:34 +0000},
	Doi = {10.1088/1126-6708/2007/01/036},
	Eprint = {hep-ph/0507120},
	Journal = {JHEP},
	Pages = {036},
	Primaryclass = {hep-ph},
	Reportnumber = {HUTP-05-A0030, UTAP-530, RESCEU-10-05},
	Slaccitation = {%%CITATION = HEP-PH/0507120;%%},
	Title = {{Dynamics of gravity in a Higgs phase}},
	Volume = {01},
	Year = {2007},
	Bdsk-Url-1 = {http://dx.doi.org/10.1088/1126-6708/2007/01/036}}}

@article{Weinberg:2008hq,
	Archiveprefix = {arXiv},
	Author = {Weinberg, Steven},
	Date-Added = {2016-01-28 11:23:16 +0000},
	Date-Modified = {2016-01-28 11:23:16 +0000},
	Doi = {10.1103/PhysRevD.77.123541},
	Eprint = {0804.4291},
	Journal = {Phys. Rev.},
	Pages = {123541},
	Primaryclass = {hep-th},
	Reportnumber = {UTTG-01-08},
	Slaccitation = {%%CITATION = ARXIV:0804.4291;%%},
	Title = {{Effective Field Theory for Inflation}},
	Volume = {D77},
	Year = {2008},
	Bdsk-Url-1 = {http://dx.doi.org/10.1103/PhysRevD.77.123541}}}

@article{Tsujikawa:2015upa,
	Archiveprefix = {arXiv},
	Author = {Tsujikawa, Shinji},
	Date-Added = {2015-11-19 09:14:29 +0000},
	Date-Modified = {2015-11-19 09:14:29 +0000},
	Doi = {10.1103/PhysRevD.92.064047},
	Eprint = {1506.08561},
	Journal = {Phys. Rev.},
	Number = {6},
	Pages = {064047},
	Primaryclass = {gr-qc},
	Slaccitation = {%%CITATION = ARXIV:1506.08561;%%},
	Title = {{Cosmological disformal transformations to the Einstein frame and gravitational couplings with matter perturbations}},
	Volume = {D92},
	Year = {2015},
	Bdsk-Url-1 = {http://dx.doi.org/10.1103/PhysRevD.92.064047}}}

@article{Sawicki:2015zya,
	Archiveprefix = {arXiv},
	Author = {Sawicki, Ignacy and Bellini, Emilio},
	Date-Added = {2015-11-19 09:11:17 +0000},
	Date-Modified = {2015-11-19 09:11:17 +0000},
	Doi = {10.1103/PhysRevD.92.084061},
	Eprint = {1503.06831},
	Journal = {Phys. Rev.},
	Number = {8},
	Pages = {084061},
	Primaryclass = {astro-ph.CO},
	Slaccitation = {%%CITATION = ARXIV:1503.06831;%%},
	Title = {{Limits of quasistatic approximation in modified-gravity cosmologies}},
	Volume = {D92},
	Year = {2015},
	Bdsk-Url-1 = {http://dx.doi.org/10.1103/PhysRevD.92.084061}}}

@article{Skordis:2015yra,
	Archiveprefix = {arXiv},
	Author = {Skordis, C. and Pourtsidou, A. and Copeland, E. J.},
	Date-Added = {2015-11-19 09:09:39 +0000},
	Date-Modified = {2015-11-19 09:09:39 +0000},
	Doi = {10.1103/PhysRevD.91.083537},
	Eprint = {1502.07297},
	Journal = {Phys. Rev.},
	Number = {8},
	Pages = {083537},
	Primaryclass = {astro-ph.CO},
	Slaccitation = {%%CITATION = ARXIV:1502.07297;%%},
	Title = {{Parametrized post-Friedmannian framework for interacting dark energy theories}},
	Volume = {D91},
	Year = {2015},
	Bdsk-Url-1 = {http://dx.doi.org/10.1103/PhysRevD.91.083537}}}

@article{Bellini:2015oua,
	Archiveprefix = {arXiv},
	Author = {Bellini, Emilio and Zumalacarregui, Miguel},
	Date-Added = {2015-11-19 09:08:22 +0000},
	Date-Modified = {2015-11-19 09:08:22 +0000},
	Doi = {10.1103/PhysRevD.92.063522},
	Eprint = {1505.03839},
	Journal = {Phys. Rev.},
	Number = {6},
	Pages = {063522},
	Primaryclass = {astro-ph.CO},
	Reportnumber = {NORDITA-2015-53},
	Slaccitation = {%%CITATION = ARXIV:1505.03839;%%},
	Title = {{Nonlinear evolution of the baryon acoustic oscillation scale in alternative theories of gravity}},
	Volume = {D92},
	Year = {2015},
	Bdsk-Url-1 = {http://dx.doi.org/10.1103/PhysRevD.92.063522}}}

@article{Pirtskhalava:2015zwa,
	Archiveprefix = {arXiv},
	Author = {Pirtskhalava, David and Santoni, Luca and Trincherini, Enrico and Vernizzi, Filippo},
	Date-Added = {2015-11-19 09:06:41 +0000},
	Date-Modified = {2015-11-19 09:06:41 +0000},
	Eprint = {1506.06750},
	Primaryclass = {hep-th},
	Slaccitation = {%%CITATION = ARXIV:1506.06750;%%},
	Title = {{Large Non-Gaussianity in Slow-Roll Inflation}},
	Year = {2015}}}

@article{Weinberg:2012es,
	Archiveprefix = {arXiv},
	Author = {Weinberg, David H. and Mortonson, Michael J. and Eisenstein, Daniel J. and Hirata, Christopher and Riess, Adam G. and Rozo, Eduardo},
	Date-Added = {2015-09-14 10:54:52 +0000},
	Date-Modified = {2015-09-14 10:54:52 +0000},
	Doi = {10.1016/j.physrep.2013.05.001},
	Eprint = {1201.2434},
	Journal = {Phys. Rept.},
	Pages = {87-255},
	Primaryclass = {astro-ph.CO},
	Slaccitation = {%%CITATION = ARXIV:1201.2434;%%},
	Title = {{Observational Probes of Cosmic Acceleration}},
	Volume = {530},
	Year = {2013},
	Bdsk-Url-1 = {http://dx.doi.org/10.1016/j.physrep.2013.05.001}}}

@article{Taddei:2014wqa,
	Archiveprefix = {arXiv},
	Author = {Taddei, Laura and Amendola, Luca},
	Date-Added = {2015-09-14 10:54:20 +0000},
	Date-Modified = {2015-09-14 10:54:20 +0000},
	Doi = {10.1088/1475-7516/2015/02/001},
	Eprint = {1408.3520},
	Journal = {JCAP},
	Number = {02},
	Pages = {001},
	Primaryclass = {astro-ph.CO},
	Slaccitation = {%%CITATION = ARXIV:1408.3520;%%},
	Title = {{A cosmological exclusion plot: Towards model-independent constraints on modified gravity from current and future growth rate data}},
	Volume = {1502},
	Year = {2015},
	Bdsk-Url-1 = {http://dx.doi.org/10.1088/1475-7516/2015/02/001}}}

@article{Burrage:2015lla,
	Archiveprefix = {arXiv},
	Author = {Burrage, Clare and Parkinson, David and Seery, David},
	Date-Added = {2015-09-14 10:53:43 +0000},
	Date-Modified = {2015-09-14 10:53:43 +0000},
	Eprint = {1502.03710},
	Primaryclass = {astro-ph.CO},
	Slaccitation = {%%CITATION = ARXIV:1502.03710;%%},
	Title = {{Beyond the growth rate of cosmic structure: Testing modified gravity models with an extra degree of freedom}},
	Year = {2015}}}

@article{Baker:2012zs,
	Archiveprefix = {arXiv},
	Author = {Baker, Tessa and Ferreira, Pedro G. and Skordis, Constantinos},
	Date-Added = {2015-09-11 14:58:08 +0000},
	Date-Modified = {2015-09-11 14:58:08 +0000},
	Doi = {10.1103/PhysRevD.87.024015},
	Eprint = {1209.2117},
	Journal = {Phys. Rev.},
	Number = {2},
	Pages = {024015},
	Primaryclass = {astro-ph.CO},
	Slaccitation = {%%CITATION = ARXIV:1209.2117;%%},
	Title = {{The Parameterized Post-Friedmann framework for theories of modified gravity: concepts, formalism and examples}},
	Volume = {D87},
	Year = {2013},
	Bdsk-Url-1 = {http://dx.doi.org/10.1103/PhysRevD.87.024015}}}

@article{Leonard:2015hha,
	Archiveprefix = {arXiv},
	Author = {Leonard, C. Danielle and Baker, Tessa and Ferreira, Pedro G.},
	Date-Added = {2015-09-11 14:57:31 +0000},
	Date-Modified = {2015-09-11 14:57:31 +0000},
	Doi = {10.1103/PhysRevD.91.083504},
	Eprint = {1501.03509},
	Journal = {Phys. Rev.},
	Number = {8},
	Pages = {083504},
	Primaryclass = {astro-ph.CO},
	Slaccitation = {%%CITATION = ARXIV:1501.03509;%%},
	Title = {{Exploring degeneracies in modified gravity with weak lensing}},
	Volume = {D91},
	Year = {2015},
	Bdsk-Url-1 = {http://dx.doi.org/10.1103/PhysRevD.91.083504}}}

@article{Baker:2013hia,
	Archiveprefix = {arXiv},
	Author = {Baker, Tessa and Ferreira, Pedro G. and Skordis, Constantinos},
	Date-Added = {2015-09-11 14:38:53 +0000},
	Date-Modified = {2015-09-11 14:38:53 +0000},
	Doi = {10.1103/PhysRevD.89.024026},
	Eprint = {1310.1086},
	Journal = {Phys. Rev.},
	Number = {2},
	Pages = {024026},
	Primaryclass = {astro-ph.CO},
	Slaccitation = {%%CITATION = ARXIV:1310.1086;%%},
	Title = {{A Fast Route to Modified Gravitational Growth}},
	Volume = {D89},
	Year = {2014},
	Bdsk-Url-1 = {http://dx.doi.org/10.1103/PhysRevD.89.024026}}}

@article{Frusciante:2015maa,
	Archiveprefix = {arXiv},
	Author = {Frusciante, Noemi and Raveri, Marco and Vernieri, Daniele and Hu, Bin and Silvestri, Alessandra},
	Date-Added = {2015-09-11 14:31:07 +0000},
	Date-Modified = {2015-09-11 14:31:07 +0000},
	Eprint = {1508.01787},
	Primaryclass = {astro-ph.CO},
	Slaccitation = {%%CITATION = ARXIV:1508.01787;%%},
	Title = {{Horava Gravity in the Effective Field Theory formalism: from cosmology to observational constraints}},
	Year = {2015}}}

@article{Gleyzes:2015pma,
	Archiveprefix = {arXiv},
	Author = {Gleyzes, J{\'e}r{\^o}me and Langlois, David and Mancarella, Michele and Vernizzi, Filippo},
	Date-Added = {2015-09-07 19:32:37 +0000},
	Date-Modified = {2015-09-07 19:32:37 +0000},
	Doi = {10.1088/1475-7516/2015/08/054},
	Eprint = {1504.05481},
	Journal = {JCAP},
	Number = {08},
	Pages = {054},
	Primaryclass = {astro-ph.CO},
	Slaccitation = {%%CITATION = ARXIV:1504.05481;%%},
	Title = {{Effective Theory of Interacting Dark Energy}},
	Volume = {1508},
	Year = {2015},
	Bdsk-Url-1 = {http://dx.doi.org/10.1088/1475-7516/2015/08/054}}}

@article{Bellini:2015wfa,
	Archiveprefix = {arXiv},
	Author = {Bellini, Emilio and Jimenez, Raul and Verde, Licia},
	Date-Added = {2015-08-18 06:16:45 +0000},
	Date-Modified = {2015-08-18 06:16:45 +0000},
	Doi = {10.1088/1475-7516/2015/05/057},
	Eprint = {1504.04341},
	Journal = {JCAP},
	Number = {05},
	Pages = {057},
	Primaryclass = {astro-ph.CO},
	Slaccitation = {%%CITATION = ARXIV:1504.04341;%%},
	Title = {{Signatures of Horndeski gravity on the Dark Matter Bispectrum}},
	Volume = {1505},
	Year = {2015},
	Bdsk-Url-1 = {http://dx.doi.org/10.1088/1475-7516/2015/05/057}}}

@article{Gleyzes:2014dya,
	Archiveprefix = {arXiv},
	Author = {Gleyzes, J{\'e}r{\^o}me and Langlois, David and Piazza, Federico and Vernizzi, Filippo},
	Date-Added = {2015-08-07 15:41:55 +0000},
	Date-Modified = {2015-08-07 15:41:55 +0000},
	Doi = {10.1103/PhysRevLett.114.211101},
	Eprint = {1404.6495},
	Journal = {Phys. Rev. Lett.},
	Number = {21},
	Pages = {211101},
	Primaryclass = {hep-th},
	Slaccitation = {%%CITATION = ARXIV:1404.6495;%%},
	Title = {{Healthy theories beyond Horndeski}},
	Volume = {114},
	Year = {2015},
	Bdsk-Url-1 = {http://dx.doi.org/10.1103/PhysRevLett.114.211101}}}

@article{vandeBruck:2015ida,
	Archiveprefix = {arXiv},
	Author = {van de Bruck, C. and Morrice, J.},
	Date-Added = {2015-08-07 15:40:42 +0000},
	Date-Modified = {2015-08-07 15:40:42 +0000},
	Doi = {10.1088/1475-7516/2015/04/036},
	Eprint = {1501.03073},
	Journal = {JCAP},
	Number = {04},
	Pages = {036},
	Primaryclass = {gr-qc},
	Slaccitation = {%%CITATION = ARXIV:1501.03073;%%},
	Title = {{Disformal couplings and the dark sector of the universe}},
	Volume = {1504},
	Year = {2015},
	Bdsk-Url-1 = {http://dx.doi.org/10.1088/1475-7516/2015/04/036}}}

@article{Pujolas:2011he,
	Archiveprefix = {arXiv},
	Author = {Pujolas, Oriol and Sawicki, Ignacy and Vikman, Alexander},
	Date-Added = {2015-08-06 06:53:36 +0000},
	Date-Modified = {2015-08-06 06:53:36 +0000},
	Doi = {10.1007/JHEP11(2011)156},
	Eprint = {1103.5360},
	Journal = {JHEP},
	Pages = {156},
	Primaryclass = {hep-th},
	Reportnumber = {CERN-PH-TH-2010-210},
	Slaccitation = {%%CITATION = ARXIV:1103.5360;%%},
	Title = {{The Imperfect Fluid behind Kinetic Gravity Braiding}},
	Volume = {11},
	Year = {2011},
	Bdsk-Url-1 = {http://dx.doi.org/10.1007/JHEP11(2011)156}}}

@article{Deffayet:2010qz,
	Archiveprefix = {arXiv},
	Author = {Deffayet, Cedric and Pujolas, Oriol and Sawicki, Ignacy and Vikman, Alexander},
	Date-Added = {2015-08-06 06:53:30 +0000},
	Date-Modified = {2015-08-06 06:53:30 +0000},
	Doi = {10.1088/1475-7516/2010/10/026},
	Eprint = {1008.0048},
	Journal = {JCAP},
	Pages = {026},
	Primaryclass = {hep-th},
	Reportnumber = {CERN-PH-TH-2010-166},
	Slaccitation = {%%CITATION = ARXIV:1008.0048;%%},
	Title = {{Imperfect Dark Energy from Kinetic Gravity Braiding}},
	Volume = {1010},
	Year = {2010},
	Bdsk-Url-1 = {http://dx.doi.org/10.1088/1475-7516/2010/10/026}}}

@article{Bernardeau:2001qr,
	Archiveprefix = {arXiv},
	Author = {Bernardeau, F. and Colombi, S. and Gaztanaga, E. and Scoccimarro, R.},
	Date-Added = {2015-08-02 16:49:25 +0000},
	Date-Modified = {2015-08-02 16:49:25 +0000},
	Doi = {10.1016/S0370-1573(02)00135-7},
	Eprint = {astro-ph/0112551},
	Journal = {Phys. Rept.},
	Pages = {1-248},
	Primaryclass = {astro-ph},
	Reportnumber = {SACLAY-T01-142},
	Slaccitation = {%%CITATION = ASTRO-PH/0112551;%%},
	Title = {{Large scale structure of the universe and cosmological perturbation theory}},
	Volume = {367},
	Year = {2002},
	Bdsk-Url-1 = {http://dx.doi.org/10.1016/S0370-1573(02)00135-7}}}

@article{Ade:2015xua,
	Archiveprefix = {arXiv},
	Author = {Ade, P. A. R. and others},
	Collaboration = {Planck},
	Date-Added = {2015-08-02 16:32:38 +0000},
	Date-Modified = {2015-08-02 16:32:38 +0000},
	Eprint = {1502.01589},
	Primaryclass = {astro-ph.CO},
	Slaccitation = {%%CITATION = ARXIV:1502.01589;%%},
	Title = {{Planck 2015 results. XIII. Cosmological parameters}},
	Year = {2015}}}

@article{Giannantonio:2009gi,
	Archiveprefix = {arXiv},
	Author = {Giannantonio, Tommaso and Martinelli, Matteo and Silvestri, Alessandra and Melchiorri, Alessandro},
	Date-Added = {2015-07-23 16:22:31 +0000},
	Date-Modified = {2015-07-23 16:22:31 +0000},
	Doi = {10.1088/1475-7516/2010/04/030},
	Eprint = {0909.2045},
	Journal = {JCAP},
	Pages = {030},
	Primaryclass = {astro-ph.CO},
	Slaccitation = {%%CITATION = ARXIV:0909.2045;%%},
	Title = {{New constraints on parametrised modified gravity from correlations of the CMB with large scale structure}},
	Volume = {1004},
	Year = {2010},
	Bdsk-Url-1 = {http://dx.doi.org/10.1088/1475-7516/2010/04/030}}}

@article{Corasaniti:2005pq,
	Archiveprefix = {arXiv},
	Author = {Corasaniti, Pier-Stefano and Giannantonio, Tommaso and Melchiorri, Alessandro},
	Date-Added = {2015-07-23 16:22:12 +0000},
	Date-Modified = {2015-07-23 16:22:12 +0000},
	Doi = {10.1103/PhysRevD.71.123521},
	Eprint = {astro-ph/0504115},
	Journal = {Phys. Rev.},
	Pages = {123521},
	Primaryclass = {astro-ph},
	Slaccitation = {%%CITATION = ASTRO-PH/0504115;%%},
	Title = {{Constraining dark energy with cross-correlated CMB and large scale structure data}},
	Volume = {D71},
	Year = {2005},
	Bdsk-Url-1 = {http://dx.doi.org/10.1103/PhysRevD.71.123521}}}

@article{Hu:2004yd,
	Archiveprefix = {arXiv},
	Author = {Hu, Wayne and Scranton, Ryan},
	Date-Added = {2015-07-23 16:21:57 +0000},
	Date-Modified = {2015-07-23 16:21:57 +0000},
	Doi = {10.1103/PhysRevD.70.123002},
	Eprint = {astro-ph/0408456},
	Journal = {Phys. Rev.},
	Pages = {123002},
	Primaryclass = {astro-ph},
	Slaccitation = {%%CITATION = ASTRO-PH/0408456;%%},
	Title = {{Measuring dark energy clustering with CMB-galaxy correlations}},
	Volume = {D70},
	Year = {2004},
	Bdsk-Url-1 = {http://dx.doi.org/10.1103/PhysRevD.70.123002}}}

@article{Cooray:2001ab,
	Archiveprefix = {arXiv},
	Author = {Cooray, Asantha},
	Date-Added = {2015-07-23 16:21:01 +0000},
	Date-Modified = {2015-07-23 16:21:01 +0000},
	Doi = {10.1103/PhysRevD.65.103510},
	Eprint = {astro-ph/0112408},
	Journal = {Phys. Rev.},
	Pages = {103510},
	Primaryclass = {astro-ph},
	Slaccitation = {%%CITATION = ASTRO-PH/0112408;%%},
	Title = {{Integrated sachs-Wolfe effect: Large scale structure correlation}},
	Volume = {D65},
	Year = {2002},
	Bdsk-Url-1 = {http://dx.doi.org/10.1103/PhysRevD.65.103510}}}

@article{Vallisneri:2007ev,
	Archiveprefix = {arXiv},
	Author = {Vallisneri, Michele},
	Date-Added = {2015-07-22 16:46:23 +0000},
	Date-Modified = {2015-07-22 16:46:23 +0000},
	Doi = {10.1103/PhysRevD.77.042001},
	Eprint = {gr-qc/0703086},
	Journal = {Phys. Rev.},
	Pages = {042001},
	Primaryclass = {GR-QC},
	Reportnumber = {LIGO-P070009-00-Z},
	Slaccitation = {%%CITATION = GR-QC/0703086;%%},
	Title = {{Use and abuse of the Fisher information matrix in the assessment of gravitational-wave parameter-estimation prospects}},
	Volume = {D77},
	Year = {2008},
	Bdsk-Url-1 = {http://dx.doi.org/10.1103/PhysRevD.77.042001}}}

@article{Crittenden:1995ak,
	Archiveprefix = {arXiv},
	Author = {Crittenden, Robert G. and Turok, Neil},
	Date-Added = {2015-07-22 16:09:44 +0000},
	Date-Modified = {2015-07-22 16:09:44 +0000},
	Doi = {10.1103/PhysRevLett.76.575},
	Eprint = {astro-ph/9510072},
	Journal = {Phys. Rev. Lett.},
	Pages = {575},
	Primaryclass = {astro-ph},
	Reportnumber = {PUPT-95-1569},
	Slaccitation = {%%CITATION = ASTRO-PH/9510072;%%},
	Title = {{Looking for Lambda with the Rees-Sciama effect}},
	Volume = {76},
	Year = {1996},
	Bdsk-Url-1 = {http://dx.doi.org/10.1103/PhysRevLett.76.575}}}

@article{Majerotto:2015bra,
	Archiveprefix = {arXiv},
	Author = {Majerotto, Elisabetta and Sapone, Domenico and Schaefer, Bjoern Malte},
	Date-Added = {2015-07-16 20:17:26 +0000},
	Date-Modified = {2015-07-16 20:17:26 +0000},
	Eprint = {1506.04609},
	Primaryclass = {astro-ph.CO},
	Reportnumber = {IFT-UAM-CSIC-15-061},
	Slaccitation = {%%CITATION = ARXIV:1506.04609;%%},
	Title = {{Combined constraints on deviations of dark energy from an ideal fluid from Euclid and Planck}},
	Year = {2015}}}

@article{Douspis:2008xv,
	Archiveprefix = {arXiv},
	Author = {Douspis, Marian and Castro, Patricia G. and Caprini, Chiara and Aghanim, Nabila},
	Date-Added = {2015-07-16 20:17:13 +0000},
	Date-Modified = {2015-07-16 20:17:13 +0000},
	Doi = {10.1051/0004-6361:200809499},
	Eprint = {0802.0983},
	Journal = {Astron. Astrophys.},
	Pages = {395},
	Primaryclass = {astro-ph},
	Slaccitation = {%%CITATION = ARXIV:0802.0983;%%},
	Title = {{Optimising large galaxy surveys for ISW detection}},
	Volume = {485},
	Year = {2008},
	Bdsk-Url-1 = {http://dx.doi.org/10.1051/0004-6361:200809499}}}

@article{Ho:2008bz,
	Archiveprefix = {arXiv},
	Author = {Ho, Shirley and Hirata, Christopher and Padmanabhan, Nikhil and Seljak, Uros and Bahcall, Neta},
	Date-Added = {2015-07-16 18:34:17 +0000},
	Date-Modified = {2015-07-16 18:34:17 +0000},
	Doi = {10.1103/PhysRevD.78.043519},
	Eprint = {0801.0642},
	Journal = {Phys. Rev.},
	Pages = {043519},
	Primaryclass = {astro-ph},
	Slaccitation = {%%CITATION = ARXIV:0801.0642;%%},
	Title = {{Correlation of CMB with large-scale structure: I. ISW Tomography and Cosmological Implications}},
	Volume = {D78},
	Year = {2008},
	Bdsk-Url-1 = {http://dx.doi.org/10.1103/PhysRevD.78.043519}}}

@article{Chan:2012jj,
	Archiveprefix = {arXiv},
	Author = {Chan, Kwan Chuen and Scoccimarro, Roman and Sheth, Ravi K.},
	Date-Added = {2015-06-11 22:13:01 +0000},
	Date-Modified = {2015-06-11 22:13:01 +0000},
	Doi = {10.1103/PhysRevD.85.083509},
	Eprint = {1201.3614},
	Journal = {Phys.Rev.},
	Pages = {083509},
	Primaryclass = {astro-ph.CO},
	Slaccitation = {%%CITATION = ARXIV:1201.3614;%%},
	Title = {{Gravity and Large-Scale Non-local Bias}},
	Volume = {D85},
	Year = {2012},
	Bdsk-Url-1 = {http://dx.doi.org/10.1103/PhysRevD.85.083509}}}

@article{Moore:2001bv,
	Archiveprefix = {arXiv},
	Author = {Moore, Guy D. and Nelson, Ann E.},
	Date-Added = {2015-06-11 21:53:20 +0000},
	Date-Modified = {2015-06-11 21:53:20 +0000},
	Doi = {10.1088/1126-6708/2001/09/023},
	Eprint = {hep-ph/0106220},
	Journal = {JHEP},
	Pages = {023},
	Primaryclass = {hep-ph},
	Reportnumber = {UW-PT-01-18},
	Slaccitation = {%%CITATION = HEP-PH/0106220;%%},
	Title = {{Lower bound on the propagation speed of gravity from gravitational Cherenkov radiation}},
	Volume = {0109},
	Year = {2001},
	Bdsk-Url-1 = {http://dx.doi.org/10.1088/1126-6708/2001/09/023}}}

@article{Geach:2009tm,
	Archiveprefix = {arXiv},
	Author = {Geach, J.E. and Cimatti, A. and Percival, W. and Wang, Y. and Guzzo, L. and others},
	Date-Added = {2015-05-27 08:09:16 +0000},
	Date-Modified = {2015-05-27 08:09:16 +0000},
	Doi = {10.1111/j.1365-2966.2009.15977.x},
	Eprint = {0911.0686},
	Journal = {Mon.Not.Roy.Astron.Soc.},
	Pages = {1330},
	Primaryclass = {astro-ph.CO},
	Slaccitation = {%%CITATION = ARXIV:0911.0686;%%},
	Title = {{Empirical H-alpha emitter count predictions for dark energy surveys}},
	Volume = {402},
	Year = {2010},
	Bdsk-Url-1 = {http://dx.doi.org/10.1111/j.1365-2966.2009.15977.x}}}

@article{Feldman:1993ky,
	Archiveprefix = {arXiv},
	Author = {Feldman, Hume A. and Kaiser, Nick and Peacock, John A.},
	Date-Added = {2015-05-19 12:41:04 +0000},
	Date-Modified = {2015-05-19 12:41:04 +0000},
	Doi = {10.1086/174036},
	Eprint = {astro-ph/9304022},
	Journal = {Astrophys.J.},
	Pages = {23-37},
	Primaryclass = {astro-ph},
	Reportnumber = {UM-AC-93-5},
	Slaccitation = {%%CITATION = ASTRO-PH/9304022;%%},
	Title = {{Power spectrum analysis of three-dimensional redshift surveys}},
	Volume = {426},
	Year = {1994},
	Bdsk-Url-1 = {http://dx.doi.org/10.1086/174036}}}

@article{Tegmark:1996bz,
	Archiveprefix = {arXiv},
	Author = {Tegmark, Max and Taylor, Andy and Heavens, Alan},
	Date-Added = {2015-05-19 12:25:48 +0000},
	Date-Modified = {2015-05-19 12:25:48 +0000},
	Doi = {10.1086/303939},
	Eprint = {astro-ph/9603021},
	Journal = {Astrophys.J.},
	Pages = {22},
	Primaryclass = {astro-ph},
	Slaccitation = {%%CITATION = ASTRO-PH/9603021;%%},
	Title = {{Karhunen-Loeve eigenvalue problems in cosmology: How should we tackle large data sets?}},
	Volume = {480},
	Year = {1997},
	Bdsk-Url-1 = {http://dx.doi.org/10.1086/303939}}}

@article{Zhao:2010dz,
	Archiveprefix = {arXiv},
	Author = {Zhao, Gong-Bo and Giannantonio, Tommaso and Pogosian, Levon and Silvestri, Alessandra and Bacon, David J. and others},
	Date-Added = {2015-05-19 12:20:38 +0000},
	Date-Modified = {2015-05-19 12:20:38 +0000},
	Doi = {10.1103/PhysRevD.81.103510},
	Eprint = {1003.0001},
	Journal = {Phys.Rev.},
	Pages = {103510},
	Primaryclass = {astro-ph.CO},
	Slaccitation = {%%CITATION = ARXIV:1003.0001;%%},
	Title = {{Probing modifications of General Relativity using current cosmological observations}},
	Volume = {D81},
	Year = {2010},
	Bdsk-Url-1 = {http://dx.doi.org/10.1103/PhysRevD.81.103510}}}

@article{Giannantonio:2011ya,
	Archiveprefix = {arXiv},
	Author = {Giannantonio, Tommaso and Porciani, Cristiano and Carron, Julien and Amara, Adam and Pillepich, Annalisa},
	Date-Added = {2015-05-19 12:19:09 +0000},
	Date-Modified = {2015-05-19 12:19:09 +0000},
	Doi = {10.1111/j.1365-2966.2012.20604.x},
	Eprint = {1109.0958},
	Journal = {Mon.Not.Roy.Astron.Soc.},
	Pages = {2854-2877},
	Primaryclass = {astro-ph.CO},
	Slaccitation = {%%CITATION = ARXIV:1109.0958;%%},
	Title = {{Constraining primordial non-Gaussianity with future galaxy surveys}},
	Volume = {422},
	Year = {2012},
	Bdsk-Url-1 = {http://dx.doi.org/10.1111/j.1365-2966.2012.20604.x}}}

@article{Hu:2003pt,
	Archiveprefix = {arXiv},
	Author = {Hu, Wayne and Jain, Bhuvnesh},
	Date-Added = {2015-05-19 08:07:22 +0000},
	Date-Modified = {2015-05-19 08:07:22 +0000},
	Doi = {10.1103/PhysRevD.70.043009},
	Eprint = {astro-ph/0312395},
	Journal = {Phys.Rev.},
	Pages = {043009},
	Primaryclass = {astro-ph},
	Slaccitation = {%%CITATION = ASTRO-PH/0312395;%%},
	Title = {{Joint galaxy - lensing observables and the dark energy}},
	Volume = {D70},
	Year = {2004},
	Bdsk-Url-1 = {http://dx.doi.org/10.1103/PhysRevD.70.043009}}}

@article{Hu:1998az,
	Archiveprefix = {arXiv},
	Author = {Hu, Wayne and Tegmark, Max},
	Date-Added = {2015-05-19 07:48:16 +0000},
	Date-Modified = {2015-05-19 07:48:16 +0000},
	Doi = {10.1086/311947},
	Eprint = {astro-ph/9811168},
	Journal = {Astrophys.J.},
	Pages = {L65-L68},
	Primaryclass = {astro-ph},
	Slaccitation = {%%CITATION = ASTRO-PH/9811168;%%},
	Title = {{Weak lensing: prospects for measuring cosmological parameters}},
	Volume = {514},
	Year = {1999},
	Bdsk-Url-1 = {http://dx.doi.org/10.1086/311947}}}

@article{Smail:1994sx,
	Archiveprefix = {arXiv},
	Author = {Smail, Ian and Ellis, Richard S. and Fitchett, Michael J.},
	Date-Added = {2015-05-19 07:30:14 +0000},
	Date-Modified = {2015-05-19 07:30:14 +0000},
	Doi = {10.1093/mnras/270.2.245},
	Eprint = {astro-ph/9402048},
	Journal = {Mon.Not.Roy.Astron.Soc.},
	Pages = {245},
	Primaryclass = {astro-ph},
	Slaccitation = {%%CITATION = ASTRO-PH/9402048;%%},
	Title = {{Gravitational lensing of distant field galaxies by rich clusters: I. - faint galaxy redshift distributions}},
	Volume = {270},
	Year = {1994},
	Bdsk-Url-1 = {http://dx.doi.org/10.1093/mnras/270.2.245}}}

@article{Laureijs:2011gra,
	Archiveprefix = {arXiv},
	Author = {Laureijs, R. and others},
	Collaboration = {EUCLID},
	Date-Added = {2015-05-19 07:09:00 +0000},
	Date-Modified = {2015-05-19 07:09:00 +0000},
	Eprint = {1110.3193},
	Primaryclass = {astro-ph.CO},
	Reportnumber = {ESA-SRE(2011)12},
	Slaccitation = {%%CITATION = ARXIV:1110.3193;%%},
	Title = {{Euclid Definition Study Report}},
	Year = {2011}}}

@article{Amara:2006kp,
	Archiveprefix = {arXiv},
	Author = {Amara, Adam and Refregier, Alexandre},
	Date-Added = {2015-05-19 06:56:32 +0000},
	Date-Modified = {2015-05-19 06:56:32 +0000},
	Doi = {10.1111/j.1365-2966.2007.12271.x},
	Eprint = {astro-ph/0610127},
	Journal = {Mon.Not.Roy.Astron.Soc.},
	Pages = {1018-1026},
	Primaryclass = {astro-ph},
	Slaccitation = {%%CITATION = ASTRO-PH/0610127;%%},
	Title = {{Optimal Surveys for Weak Lensing Tomography}},
	Volume = {381},
	Year = {2007},
	Bdsk-Url-1 = {http://dx.doi.org/10.1111/j.1365-2966.2007.12271.x}}}

@article{Rassat:2008ja,
	Archiveprefix = {arXiv},
	Author = {Rassat, Anais and Amara, Adam and Amendola, Luca and Castander, Francisco J. and Kitching, Thomas and others},
	Date-Added = {2015-05-18 12:12:38 +0000},
	Date-Modified = {2015-05-18 12:12:38 +0000},
	Eprint = {0810.0003},
	Primaryclass = {astro-ph},
	Slaccitation = {%%CITATION = ARXIV:0810.0003;%%},
	Title = {{Deconstructing Baryon Acoustic Oscillations: A Comparison of Methods}},
	Year = {2008}}}

@article{Amendola:2011ie,
	Archiveprefix = {arXiv},
	Author = {Amendola, Luca and Pettorino, Valeria and Quercellini, Claudia and Vollmer, Adrian},
	Date-Added = {2015-05-18 12:11:57 +0000},
	Date-Modified = {2015-05-18 12:11:57 +0000},
	Doi = {10.1103/PhysRevD.85.103008},
	Eprint = {1111.1404},
	Journal = {Phys.Rev.},
	Pages = {103008},
	Primaryclass = {astro-ph.CO},
	Slaccitation = {%%CITATION = ARXIV:1111.1404;%%},
	Title = {{Testing coupled dark energy with next-generation large-scale observations}},
	Volume = {D85},
	Year = {2012},
	Bdsk-Url-1 = {http://dx.doi.org/10.1103/PhysRevD.85.103008}}}

@article{Crocce:2005xy,
	Archiveprefix = {arXiv},
	Author = {Crocce, Martin and Scoccimarro, Roman},
	Date-Added = {2015-05-17 11:22:45 +0000},
	Date-Modified = {2015-05-17 11:22:45 +0000},
	Doi = {10.1103/PhysRevD.73.063519},
	Eprint = {astro-ph/0509418},
	Journal = {Phys.Rev.},
	Pages = {063519},
	Primaryclass = {astro-ph},
	Slaccitation = {%%CITATION = ASTRO-PH/0509418;%%},
	Title = {{Renormalized cosmological perturbation theory}},
	Volume = {D73},
	Year = {2006},
	Bdsk-Url-1 = {http://dx.doi.org/10.1103/PhysRevD.73.063519}}}

@article{Huang:2012mr,
	Archiveprefix = {arXiv},
	Author = {Huang, Zhiqi and Verde, Licia and Vernizzi, Filippo},
	Date-Added = {2015-05-17 09:14:45 +0000},
	Date-Modified = {2015-05-17 09:14:45 +0000},
	Doi = {10.1088/1475-7516/2012/04/005},
	Eprint = {1201.5955},
	Journal = {JCAP},
	Pages = {005},
	Primaryclass = {astro-ph.CO},
	Slaccitation = {%%CITATION = ARXIV:1201.5955;%%},
	Title = {{Constraining inflation with future galaxy redshift surveys}},
	Volume = {1204},
	Year = {2012},
	Bdsk-Url-1 = {http://dx.doi.org/10.1088/1475-7516/2012/04/005}}}

@article{Tegmark:1997rp,
	Archiveprefix = {arXiv},
	Author = {Tegmark, Max},
	Date-Added = {2015-05-16 17:26:04 +0000},
	Date-Modified = {2015-05-16 17:26:04 +0000},
	Doi = {10.1103/PhysRevLett.79.3806},
	Eprint = {astro-ph/9706198},
	Journal = {Phys.Rev.Lett.},
	Pages = {3806-3809},
	Primaryclass = {astro-ph},
	Reportnumber = {IASSNS-AST-97-44},
	Slaccitation = {%%CITATION = ASTRO-PH/9706198;%%},
	Title = {{Measuring cosmological parameters with galaxy surveys}},
	Volume = {79},
	Year = {1997},
	Bdsk-Url-1 = {http://dx.doi.org/10.1103/PhysRevLett.79.3806}}}

@article{Seo:2003pu,
	Archiveprefix = {arXiv},
	Author = {Seo, Hee-Jong and Eisenstein, Daniel J.},
	Doi = {10.1086/379122},
	Eprint = {astro-ph/0307460},
	Journal = {Astrophys.J.},
	Pages = {720-740},
	Primaryclass = {astro-ph},
	Slaccitation = {%%CITATION = ASTRO-PH/0307460;%%},
	Title = {{Probing dark energy with baryonic acoustic oscillations from future large galaxy redshift surveys}},
	Volume = {598},
	Year = {2003},
	Bdsk-Url-1 = {http://dx.doi.org/10.1086/379122}}}

@article{Hu:1999ek,
	Archiveprefix = {arXiv},
	Author = {Hu, Wayne},
	Doi = {10.1086/312210},
	Eprint = {astro-ph/9904153},
	Journal = {Astrophys.J.},
	Pages = {L21-L24},
	Primaryclass = {astro-ph},
	Slaccitation = {%%CITATION = ASTRO-PH/9904153;%%},
	Title = {{Power spectrum tomography with weak lensing}},
	Volume = {522},
	Year = {1999},
	Bdsk-Url-1 = {http://dx.doi.org/10.1086/312210}}}

@article{Planck:2015xua,
	Archiveprefix = {arXiv},
	Author = {Ade, P.A.R. and others},
	Collaboration = {Planck},
	Eprint = {1502.01589},
	Primaryclass = {astro-ph.CO},
	Slaccitation = {%%CITATION = ARXIV:1502.01589;%%},
	Title = {{Planck 2015 results. XIII. Cosmological parameters}},
	Year = {2015}}}

@article{Bardeen:1983qw,
	Author = {Bardeen, James M. and Steinhardt, Paul J. and Turner, Michael S.},
	Date-Added = {2015-04-18 16:40:14 +0000},
	Date-Modified = {2015-04-18 16:40:14 +0000},
	Doi = {10.1103/PhysRevD.28.679},
	Journal = {Phys.Rev.},
	Pages = {679},
	Reportnumber = {UPR-0202T, EFI-83-13-CHICAGO},
	Slaccitation = {%%CITATION = PHRVA,D28,679;%%},
	Title = {{Spontaneous Creation of Almost Scale - Free Density Perturbations in an Inflationary Universe}},
	Volume = {D28},
	Year = {1983},
	Bdsk-Url-1 = {http://dx.doi.org/10.1103/PhysRevD.28.679}}}

@article{Weinberg:2003sw,
	Archiveprefix = {arXiv},
	Author = {Weinberg, Steven},
	Date-Added = {2015-04-18 10:17:35 +0000},
	Date-Modified = {2015-04-18 10:17:35 +0000},
	Doi = {10.1103/PhysRevD.67.123504},
	Eprint = {astro-ph/0302326},
	Journal = {Phys.Rev.},
	Pages = {123504},
	Primaryclass = {astro-ph},
	Reportnumber = {UTTG-12-02},
	Slaccitation = {%%CITATION = ASTRO-PH/0302326;%%},
	Title = {{Adiabatic modes in cosmology}},
	Volume = {D67},
	Year = {2003},
	Bdsk-Url-1 = {http://dx.doi.org/10.1103/PhysRevD.67.123504}}}

@article{Gergely:2014rna,
	Archiveprefix = {arXiv},
	Author = {Gergely, L{\'a}szl{\'o} {\'A}. and Tsujikawa, Shinji},
	Date-Added = {2015-04-18 06:33:43 +0000},
	Date-Modified = {2015-04-18 06:33:43 +0000},
	Doi = {10.1103/PhysRevD.89.064059},
	Eprint = {1402.0553},
	Journal = {Phys.Rev.},
	Number = {6},
	Pages = {064059},
	Primaryclass = {hep-th},
	Slaccitation = {%%CITATION = ARXIV:1402.0553;%%},
	Title = {{Effective field theory of modified gravity with two scalar fields: dark energy and dark matter}},
	Volume = {D89},
	Year = {2014},
	Bdsk-Url-1 = {http://dx.doi.org/10.1103/PhysRevD.89.064059}}}

@article{Creminelli:2013nua,
      author         = "Creminelli, Paolo and Gleyzes, JÃ©rÃ´me and Hui, Lam and
                        SimonoviÄ‡, Marko and Vernizzi, Filippo",
      title          = "{Single-Field Consistency Relations of Large Scale
                        Structure. Part III: Test of the Equivalence Principle}",
      journal        = "JCAP",
      volume         = "1406",
      year           = "2014",
      pages          = "009",
      doi            = "10.1088/1475-7516/2014/06/009",
      eprint         = "1312.6074",
      archivePrefix  = "arXiv",
      primaryClass   = "astro-ph.CO",
      SLACcitation   = "%%CITATION = ARXIV:1312.6074;%%"
}

@article{Afshordi:2005ym,
	Archiveprefix = {arXiv},
	Author = {Afshordi, Niayesh and Zaldarriaga, Matias and Kohri, Kazunori},
	Date-Added = {2015-04-17 21:05:59 +0000},
	Date-Modified = {2015-04-17 21:05:59 +0000},
	Doi = {10.1103/PhysRevD.72.065024},
	Eprint = {astro-ph/0506663},
	Journal = {Phys.Rev.},
	Pages = {065024},
	Primaryclass = {astro-ph},
	Slaccitation = {%%CITATION = ASTRO-PH/0506663;%%},
	Title = {{On the stability of dark energy with mass-varying neutrinos}},
	Volume = {D72},
	Year = {2005},
	Bdsk-Url-1 = {http://dx.doi.org/10.1103/PhysRevD.72.065024}}}

@article{Brookfield:2005td,
	Archiveprefix = {arXiv},
	Author = {Brookfield, A.W. and van de Bruck, Carsten and Mota, D.F. and Tocchini-Valentini, D.},
	Date-Added = {2015-04-17 21:05:54 +0000},
	Date-Modified = {2015-04-17 21:05:54 +0000},
	Doi = {10.1103/PhysRevLett.96.061301},
	Eprint = {astro-ph/0503349},
	Journal = {Phys.Rev.Lett.},
	Pages = {061301},
	Primaryclass = {astro-ph},
	Slaccitation = {%%CITATION = ASTRO-PH/0503349;%%},
	Title = {{Cosmology with massive neutrinos coupled to dark energy}},
	Volume = {96},
	Year = {2006},
	Bdsk-Url-1 = {http://dx.doi.org/10.1103/PhysRevLett.96.061301}}}

@article{Fardon:2003eh,
	Archiveprefix = {arXiv},
	Author = {Fardon, Rob and Nelson, Ann E. and Weiner, Neal},
	Date-Added = {2015-04-17 21:05:44 +0000},
	Date-Modified = {2015-04-17 21:05:44 +0000},
	Doi = {10.1088/1475-7516/2004/10/005},
	Eprint = {astro-ph/0309800},
	Journal = {JCAP},
	Pages = {005},
	Primaryclass = {astro-ph},
	Reportnumber = {UW-PT-03-22},
	Slaccitation = {%%CITATION = ASTRO-PH/0309800;%%},
	Title = {{Dark energy from mass varying neutrinos}},
	Volume = {0410},
	Year = {2004},
	Bdsk-Url-1 = {http://dx.doi.org/10.1088/1475-7516/2004/10/005}}}

@article{Arnowitt:1962hi,
	Archiveprefix = {arXiv},
	Author = {Arnowitt, Richard L. and Deser, Stanley and Misner, Charles W.},
	Date-Added = {2015-04-15 08:14:41 +0000},
	Date-Modified = {2015-04-15 08:14:41 +0000},
	Doi = {10.1007/s10714-008-0661-1},
	Eprint = {gr-qc/0405109},
	Journal = {Gen.Rel.Grav.},
	Pages = {1997-2027},
	Primaryclass = {gr-qc},
	Slaccitation = {%%CITATION = GR-QC/0405109;%%},
	Title = {{The Dynamics of general relativity}},
	Volume = {40},
	Year = {2008},
	Bdsk-Url-1 = {http://dx.doi.org/10.1007/s10714-008-0661-1}}}

@article{Zumalacarregui:2013pma,
	Archiveprefix = {arXiv},
	Author = {Zumalac{\'a}rregui, Miguel and Garc{\'\i}a-Bellido, Juan},
	Date-Added = {2015-04-11 16:54:30 +0000},
	Date-Modified = {2015-04-11 16:54:30 +0000},
	Doi = {10.1103/PhysRevD.89.064046},
	Eprint = {1308.4685},
	Journal = {Phys.Rev.},
	Number = {6},
	Pages = {064046},
	Primaryclass = {gr-qc},
	Reportnumber = {IFT-UAM-CSIC-13-090},
	Slaccitation = {%%CITATION = ARXIV:1308.4685;%%},
	Title = {{Transforming gravity: from derivative couplings to matter to second-order scalar-tensor theories beyond the Horndeski Lagrangian}},
	Volume = {D89},
	Year = {2014},
	Bdsk-Url-1 = {http://dx.doi.org/10.1103/PhysRevD.89.064046}}}

@article{Brax:2013nsa,
	Archiveprefix = {arXiv},
	Author = {Brax, Philippe and Burrage, Clare and Davis, Anne-Christine and Gubitosi, Giulia},
	Date-Added = {2015-04-11 16:53:22 +0000},
	Date-Modified = {2015-04-11 16:53:22 +0000},
	Doi = {10.1088/1475-7516/2013/11/001},
	Eprint = {1306.4168},
	Journal = {JCAP},
	Pages = {001},
	Primaryclass = {astro-ph.CO},
	Slaccitation = {%%CITATION = ARXIV:1306.4168;%%},
	Title = {{Cosmological Tests of the Disformal Coupling to Radiation}},
	Volume = {1311},
	Year = {2013},
	Bdsk-Url-1 = {http://dx.doi.org/10.1088/1475-7516/2013/11/001}}}

@article{Blas:2012vn,
	Archiveprefix = {arXiv},
	Author = {Blas, Diego and Ivanov, Mikhail M. and Sibiryakov, Sergey},
	Date-Added = {2015-04-11 14:51:50 +0000},
	Date-Modified = {2015-04-11 14:51:50 +0000},
	Doi = {10.1088/1475-7516/2012/10/057},
	Eprint = {1209.0464},
	Journal = {JCAP},
	Pages = {057},
	Primaryclass = {astro-ph.CO},
	Reportnumber = {CERN-PH-TH-2012-234},
	Slaccitation = {%%CITATION = ARXIV:1209.0464;%%},
	Title = {{Testing Lorentz invariance of dark matter}},
	Volume = {1210},
	Year = {2012},
	Bdsk-Url-1 = {http://dx.doi.org/10.1088/1475-7516/2012/10/057}}}

@article{Audren:2013dwa,
	Archiveprefix = {arXiv},
	Author = {Audren, B. and Blas, D. and Lesgourgues, J. and Sibiryakov, S.},
	Date-Added = {2015-04-11 14:49:44 +0000},
	Date-Modified = {2015-04-11 14:49:44 +0000},
	Doi = {10.1088/1475-7516/2013/08/039},
	Eprint = {1305.0009},
	Journal = {JCAP},
	Pages = {039},
	Primaryclass = {astro-ph.CO},
	Reportnumber = {CERN-PH-TH-2013-085, LAPTH-022-13},
	Slaccitation = {%%CITATION = ARXIV:1305.0009;%%},
	Title = {{Cosmological constraints on Lorentz violating dark energy}},
	Volume = {1308},
	Year = {2013},
	Bdsk-Url-1 = {http://dx.doi.org/10.1088/1475-7516/2013/08/039}}}

@article{Audren:2014hza,
	Archiveprefix = {arXiv},
	Author = {Audren, B. and Blas, D. and Ivanov, M.M. and Lesgourgues, J. and Sibiryakov, S.},
	Date-Added = {2015-04-11 14:49:18 +0000},
	Date-Modified = {2015-04-11 14:49:18 +0000},
	Doi = {10.1088/1475-7516/2015/03/016},
	Eprint = {1410.6514},
	Journal = {JCAP},
	Number = {03},
	Pages = {016},
	Primaryclass = {astro-ph.CO},
	Reportnumber = {CERN-PH-TH-2014-196, INR-TH-2014-024, LAPTH-225-14},
	Slaccitation = {%%CITATION = ARXIV:1410.6514;%%},
	Title = {{Cosmological constraints on deviations from Lorentz invariance in gravity and dark matter}},
	Volume = {1503},
	Year = {2015},
	Bdsk-Url-1 = {http://dx.doi.org/10.1088/1475-7516/2015/03/016}}}

@article{Ferreira:2014mja,
	Author = {Ferreira, Pedro G. and Baker, Tessa and Skordis, Constantinos},
	Date-Added = {2015-04-11 14:31:51 +0000},
	Date-Modified = {2015-04-11 14:31:51 +0000},
	Doi = {10.1007/s10714-014-1788-x},
	Journal = {Gen.Rel.Grav.},
	Pages = {1788},
	Slaccitation = {%%CITATION = GRGVA,46,1788;%%},
	Title = {{Testing general relativity with cosmology: a synopsis of the parametrized post-Friedmann approach}},
	Volume = {46},
	Year = {2014},
	Bdsk-Url-1 = {http://dx.doi.org/10.1007/s10714-014-1788-x}}}

@article{Hui:2009kc,
	Archiveprefix = {arXiv},
	Author = {Hui, Lam and Nicolis, Alberto and Stubbs, Christopher},
	Date-Added = {2015-04-11 13:05:23 +0000},
	Date-Modified = {2015-04-11 13:05:23 +0000},
	Doi = {10.1103/PhysRevD.80.104002},
	Eprint = {0905.2966},
	Journal = {Phys.Rev.},
	Pages = {104002},
	Primaryclass = {astro-ph.CO},
	Slaccitation = {%%CITATION = ARXIV:0905.2966;%%},
	Title = {{Equivalence Principle Implications of Modified Gravity Models}},
	Volume = {D80},
	Year = {2009},
	Bdsk-Url-1 = {http://dx.doi.org/10.1103/PhysRevD.80.104002}}}

@article{Farrar:2003uw,
	Archiveprefix = {arXiv},
	Author = {Farrar, Glennys R. and Peebles, P. James E.},
	Date-Added = {2015-04-11 13:04:41 +0000},
	Date-Modified = {2015-04-11 13:04:41 +0000},
	Doi = {10.1086/381728},
	Eprint = {astro-ph/0307316},
	Journal = {Astrophys.J.},
	Pages = {1-11},
	Primaryclass = {astro-ph},
	Slaccitation = {%%CITATION = ASTRO-PH/0307316;%%},
	Title = {{Interacting dark matter and dark energy}},
	Volume = {604},
	Year = {2004},
	Bdsk-Url-1 = {http://dx.doi.org/10.1086/381728}}}

@article{Damour:1994zq,
	Archiveprefix = {arXiv},
	Author = {Damour, T. and Polyakov, Alexander M.},
	Date-Added = {2015-04-11 13:04:23 +0000},
	Date-Modified = {2015-04-11 13:04:23 +0000},
	Doi = {10.1016/0550-3213(94)90143-0},
	Eprint = {hep-th/9401069},
	Journal = {Nucl.Phys.},
	Pages = {532-558},
	Primaryclass = {hep-th},
	Slaccitation = {%%CITATION = HEP-TH/9401069;%%},
	Title = {{The String dilaton and a least coupling principle}},
	Volume = {B423},
	Year = {1994},
	Bdsk-Url-1 = {http://dx.doi.org/10.1016/0550-3213(94)90143-0}}}

@article{Will:2014xja,
	Archiveprefix = {arXiv},
	Author = {Will, Clifford M.},
	Doi = {10.12942/lrr-2014-4},
	Eprint = {1403.7377},
	Journal = {Living Rev.Rel.},
	Pages = {4},
	Primaryclass = {gr-qc},
	Slaccitation = {%%CITATION = ARXIV:1403.7377;%%},
	Title = {{The Confrontation between General Relativity and Experiment}},
	Volume = {17},
	Year = {2014},
	Bdsk-Url-1 = {http://dx.doi.org/10.12942/lrr-2014-4}}}

@article{Joyce:2014kja,
	Archiveprefix = {arXiv},
	Author = {Joyce, Austin and Jain, Bhuvnesh and Khoury, Justin and Trodden, Mark},
	Date-Added = {2015-04-11 09:12:54 +0000},
	Date-Modified = {2015-04-11 09:12:54 +0000},
	Doi = {10.1016/j.physrep.2014.12.002},
	Eprint = {1407.0059},
	Journal = {Phys.Rept.},
	Pages = {1-98},
	Primaryclass = {astro-ph.CO},
	Slaccitation = {%%CITATION = ARXIV:1407.0059;%%},
	Title = {{Beyond the Cosmological Standard Model}},
	Volume = {568},
	Year = {2015},
	Bdsk-Url-1 = {http://dx.doi.org/10.1016/j.physrep.2014.12.002}}}

@article{Hu:2013twa,
	Archiveprefix = {arXiv},
	Author = {Hu, Bin and Raveri, Marco and Frusciante, Noemi and Silvestri, Alessandra},
	Date-Added = {2015-04-11 09:10:42 +0000},
	Date-Modified = {2015-04-11 09:10:42 +0000},
	Doi = {10.1103/PhysRevD.89.103530},
	Eprint = {1312.5742},
	Journal = {Phys.Rev.},
	Number = {10},
	Pages = {103530},
	Primaryclass = {astro-ph.CO},
	Slaccitation = {%%CITATION = ARXIV:1312.5742;%%},
	Title = {{Effective Field Theory of Cosmic Acceleration: an implementation in CAMB}},
	Volume = {D89},
	Year = {2014},
	Bdsk-Url-1 = {http://dx.doi.org/10.1103/PhysRevD.89.103530}}}

@article{Bloomfield:2013cyf,
	Archiveprefix = {arXiv},
	Author = {Bloomfield, Jolyon and Pearson, Jonathon},
	Date-Added = {2015-04-11 09:09:04 +0000},
	Date-Modified = {2015-04-11 09:09:04 +0000},
	Doi = {10.1088/1475-7516/2014/03/017},
	Eprint = {1310.6033},
	Journal = {JCAP},
	Pages = {017},
	Primaryclass = {astro-ph.CO},
	Slaccitation = {%%CITATION = ARXIV:1310.6033;%%},
	Title = {{Simple implementation of general dark energy models}},
	Volume = {1403},
	Year = {2014},
	Bdsk-Url-1 = {http://dx.doi.org/10.1088/1475-7516/2014/03/017}}}

@article{Tsujikawa:2014mba,
	Archiveprefix = {arXiv},
	Author = {Tsujikawa, Shinji},
	Date-Added = {2015-04-11 09:06:39 +0000},
	Date-Modified = {2015-04-11 09:06:39 +0000},
	Doi = {10.1007/978-3-319-10070-8_4},
	Eprint = {1404.2684},
	Journal = {Lect.Notes Phys.},
	Pages = {97-136},
	Primaryclass = {gr-qc},
	Slaccitation = {%%CITATION = ARXIV:1404.2684;%%},
	Title = {{The effective field theory of inflation/dark energy and the Horndeski theory}},
	Volume = {892},
	Year = {2015},
	Bdsk-Url-1 = {http://dx.doi.org/10.1007/978-3-319-10070-8_4}}}

@article{Salvatelli:2014zta,
	Archiveprefix = {arXiv},
	Author = {Salvatelli, Valentina and Said, Najla and Bruni, Marco and Melchiorri, Alessandro and Wands, David},
	Date-Added = {2015-04-11 08:01:30 +0000},
	Date-Modified = {2015-04-11 08:01:30 +0000},
	Doi = {10.1103/PhysRevLett.113.181301},
	Eprint = {1406.7297},
	Journal = {Phys.Rev.Lett.},
	Number = {18},
	Pages = {181301},
	Primaryclass = {astro-ph.CO},
	Slaccitation = {%%CITATION = ARXIV:1406.7297;%%},
	Title = {{Indications of a late-time interaction in the dark sector}},
	Volume = {113},
	Year = {2014},
	Bdsk-Url-1 = {http://dx.doi.org/10.1103/PhysRevLett.113.181301}}}

@article{Bettoni:2015wla,
	Archiveprefix = {arXiv},
	Author = {Bettoni, Dario and Liberati, Stefano},
	Date-Added = {2015-04-11 08:01:14 +0000},
	Date-Modified = {2015-04-11 08:01:14 +0000},
	Eprint = {1502.06613},
	Primaryclass = {gr-qc},
	Slaccitation = {%%CITATION = ARXIV:1502.06613;%%},
	Title = {{Dynamics of non-minimally coupled perfect fluids}},
	Year = {2015}}}

@article{Uzan:2010pm,
	Archiveprefix = {arXiv},
	Author = {Uzan, Jean-Philippe},
	Date-Added = {2015-04-10 16:32:21 +0000},
	Date-Modified = {2015-04-10 16:32:21 +0000},
	Eprint = {1009.5514},
	Journal = {Living Rev.Rel.},
	Pages = {2},
	Primaryclass = {astro-ph.CO},
	Slaccitation = {%%CITATION = ARXIV:1009.5514;%%},
	Title = {{Varying Constants, Gravitation and Cosmology}},
	Volume = {14},
	Year = {2011}}}

@article{Piazza:2013pua,
	Archiveprefix = {arXiv},
	Author = {Piazza, Federico and Steigerwald, Heinrich and Marinoni, Christian},
	Date-Added = {2015-04-10 13:42:09 +0000},
	Date-Modified = {2015-04-10 13:42:09 +0000},
	Doi = {10.1088/1475-7516/2014/05/043},
	Eprint = {1312.6111},
	Journal = {JCAP},
	Pages = {043},
	Primaryclass = {astro-ph.CO},
	Slaccitation = {%%CITATION = ARXIV:1312.6111;%%},
	Title = {{Phenomenology of dark energy: exploring the space of theories with future redshift surveys}},
	Volume = {1405},
	Year = {2014},
	Bdsk-Url-1 = {http://dx.doi.org/10.1088/1475-7516/2014/05/043}}}

@article{Bean:2003fb,
	Archiveprefix = {arXiv},
	Author = {Bean, Rachel and Dore, Olivier},
	Date-Added = {2015-04-10 10:51:41 +0000},
	Date-Modified = {2015-04-10 10:51:41 +0000},
	Doi = {10.1103/PhysRevD.69.083503},
	Eprint = {astro-ph/0307100},
	Journal = {Phys.Rev.},
	Pages = {083503},
	Primaryclass = {astro-ph},
	Slaccitation = {%%CITATION = ASTRO-PH/0307100;%%},
	Title = {{Probing dark energy perturbations: The Dark energy equation of state and speed of sound as measured by WMAP}},
	Volume = {D69},
	Year = {2004},
	Bdsk-Url-1 = {http://dx.doi.org/10.1103/PhysRevD.69.083503}}}

@article{Creminelli:2014wna,
	Archiveprefix = {arXiv},
	Author = {Creminelli, Paolo and Gleyzes, J{\'e}r{\^o}me and Nore{\~n}a, Jorge and Vernizzi, Filippo},
	Date-Added = {2015-04-09 12:45:02 +0000},
	Date-Modified = {2015-04-09 12:45:02 +0000},
	Doi = {10.1103/PhysRevLett.113.231301},
	Eprint = {1407.8439},
	Journal = {Phys.Rev.Lett.},
	Number = {23},
	Pages = {231301},
	Primaryclass = {astro-ph.CO},
	Slaccitation = {%%CITATION = ARXIV:1407.8439;%%},
	Title = {{Resilience of the standard predictions for primordial tensor modes}},
	Volume = {113},
	Year = {2014},
	Bdsk-Url-1 = {http://dx.doi.org/10.1103/PhysRevLett.113.231301}}}

@article{Bloomfield:2013efa,
	Archiveprefix = {arXiv},
	Author = {Bloomfield, Jolyon},
	Date-Added = {2015-04-09 07:57:14 +0000},
	Date-Modified = {2015-04-09 07:57:14 +0000},
	Doi = {10.1088/1475-7516/2013/12/044},
	Eprint = {1304.6712},
	Journal = {JCAP},
	Pages = {044},
	Primaryclass = {astro-ph.CO},
	Slaccitation = {%%CITATION = ARXIV:1304.6712;%%},
	Title = {{A Simplified Approach to General Scalar-Tensor Theories}},
	Volume = {1312},
	Year = {2013},
	Bdsk-Url-1 = {http://dx.doi.org/10.1088/1475-7516/2013/12/044}}}

@article{Bloomfield:2012ff,
	Archiveprefix = {arXiv},
	Author = {Bloomfield, Jolyon K. and Flanagan, {\'E}anna {\'E}. and Park, Minjoon and Watson, Scott},
	Date-Added = {2015-04-09 07:57:09 +0000},
	Date-Modified = {2015-04-09 07:57:09 +0000},
	Doi = {10.1088/1475-7516/2013/08/010},
	Eprint = {1211.7054},
	Journal = {JCAP},
	Pages = {010},
	Primaryclass = {astro-ph.CO},
	Slaccitation = {%%CITATION = ARXIV:1211.7054;%%},
	Title = {{Dark energy or modified gravity? An effective field theory approach}},
	Volume = {1308},
	Year = {2013},
	Bdsk-Url-1 = {http://dx.doi.org/10.1088/1475-7516/2013/08/010}}}

@article{Creminelli:2009mu,
	Archiveprefix = {arXiv},
	Author = {Creminelli, Paolo and D'Amico, Guido and Norena, Jorge and Senatore, Leonardo and Vernizzi, Filippo},
	Date-Added = {2015-04-09 06:10:01 +0000},
	Date-Modified = {2015-04-09 06:10:01 +0000},
	Doi = {10.1088/1475-7516/2010/03/027},
	Eprint = {0911.2701},
	Journal = {JCAP},
	Pages = {027},
	Primaryclass = {astro-ph.CO},
	Slaccitation = {%%CITATION = ARXIV:0911.2701;%%},
	Title = {{Spherical collapse in quintessence models with zero speed of sound}},
	Volume = {1003},
	Year = {2010},
	Bdsk-Url-1 = {http://dx.doi.org/10.1088/1475-7516/2010/03/027}}}

@article{Bonvin:2006vc,
      author         = "Bonvin, Camille and Caprini, Chiara and Durrer, Ruth",
      title          = "{A no-go theorem for k-essence dark energy}",
      journal        = "Phys. Rev. Lett.",
      volume         = "97",
      year           = "2006",
      pages          = "081303",
      doi            = "10.1103/PhysRevLett.97.081303",
      eprint         = "astro-ph/0606584",
      archivePrefix  = "arXiv",
      primaryClass   = "astro-ph",
      SLACcitation   = "%%CITATION = ASTRO-PH/0606584;%%"
}

@article{Casarini:2016ysv,
      author         = "Casarini, L. and Bonometto, S. A. and Tessarotto, E. and
                        Corasaniti, P. -S.",
      title          = "{Extending the Coyote emulator to dark energy models with
                        standard $w_0$-$w_a$ parametrization of the equation of
                        state}",
      journal        = "JCAP",
      volume         = "1608",
      year           = "2016",
      number         = "08",
      pages          = "008",
      doi            = "10.1088/1475-7516/2016/08/008",
      eprint         = "1601.07230",
      archivePrefix  = "arXiv",
      primaryClass   = "astro-ph.CO",
      SLACcitation   = "%%CITATION = ARXIV:1601.07230;%%"
}
@article{Sefusatti:2011cm,
	Archiveprefix = {arXiv},
	Author = {Sefusatti, Emiliano and Vernizzi, Filippo},
	Date-Added = {2015-04-09 06:08:50 +0000},
	Date-Modified = {2015-04-09 06:08:50 +0000},
	Doi = {10.1088/1475-7516/2011/03/047},
	Eprint = {1101.1026},
	Journal = {JCAP},
	Pages = {047},
	Primaryclass = {astro-ph.CO},
	Reportnumber = {T11-007},
	Slaccitation = {%%CITATION = ARXIV:1101.1026;%%},
	Title = {{Cosmological structure formation with clustering quintessence}},
	Volume = {1103},
	Year = {2011},
	Bdsk-Url-1 = {http://dx.doi.org/10.1088/1475-7516/2011/03/047}}}

@article{Piazza:2013coa,
	Archiveprefix = {arXiv},
	Author = {Piazza, Federico and Vernizzi, Filippo},
	Date-Added = {2015-04-09 06:08:38 +0000},
	Date-Modified = {2015-04-09 06:08:38 +0000},
	Doi = {10.1088/0264-9381/30/21/214007},
	Eprint = {1307.4350},
	Journal = {Class.Quant.Grav.},
	Pages = {214007},
	Slaccitation = {%%CITATION = ARXIV:1307.4350;%%},
	Title = {{Effective Field Theory of Cosmological Perturbations}},
	Volume = {30},
	Year = {2013},
	Bdsk-Url-1 = {http://dx.doi.org/10.1088/0264-9381/30/21/214007}}}

@article{Ma:1995ey,
	Archiveprefix = {arXiv},
	Author = {Ma, Chung-Pei and Bertschinger, Edmund},
	Date-Added = {2015-04-08 21:53:04 +0000},
	Date-Modified = {2015-04-08 21:53:04 +0000},
	Doi = {10.1086/176550},
	Eprint = {astro-ph/9506072},
	Journal = {Astrophys.J.},
	Pages = {7-25},
	Primaryclass = {astro-ph},
	Slaccitation = {%%CITATION = ASTRO-PH/9506072;%%},
	Title = {{Cosmological perturbation theory in the synchronous and conformal Newtonian gauges}},
	Volume = {455},
	Year = {1995},
	Bdsk-Url-1 = {http://dx.doi.org/10.1086/176550}}}

@article{Santos:2015bsa,
      author         = "Santos, Mario and others",
      title          = "{Cosmology from a SKA HI intensity mapping survey}",
      booktitle      = "{Proceedings, Advancing Astrophysics with the Square
                        Kilometre Array (AASKA14): Giardini Naxos, Italy, June
                        9-13, 2014}",
      journal        = "PoS",
      volume         = "AASKA14",
      year           = "2015",
      pages          = "019",
      doi            = "10.22323/1.215.0019",
      SLACcitation   = "%%CITATION = POSCI,AASKA14,019;%%"
}

@article{Creminelli:2006xe,
	Archiveprefix = {arXiv},
	Author = {Creminelli, Paolo and Luty, Markus A. and Nicolis, Alberto and Senatore, Leonardo},
	Date-Added = {2015-04-07 10:35:26 +0000},
	Date-Modified = {2015-04-07 10:35:26 +0000},
	Doi = {10.1088/1126-6708/2006/12/080},
	Eprint = {hep-th/0606090},
	Journal = {JHEP},
	Pages = {080},
	Primaryclass = {hep-th},
	Reportnumber = {HUTP-06-A0019, MIT-CTP-3738, IC-2006-034},
	Slaccitation = {%%CITATION = HEP-TH/0606090;%%},
	Title = {{Starting the Universe: Stable Violation of the Null Energy Condition and Non-standard Cosmologies}},
	Volume = {0612},
	Year = {2006},
	Bdsk-Url-1 = {http://dx.doi.org/10.1088/1126-6708/2006/12/080}}}

@article{Cheung:2007st,
	Archiveprefix = {arXiv},
	Author = {Cheung, Clifford and Creminelli, Paolo and Fitzpatrick, A. Liam and Kaplan, Jared and Senatore, Leonardo},
	Date-Added = {2015-04-07 10:34:58 +0000},
	Date-Modified = {2015-04-07 10:34:58 +0000},
	Doi = {10.1088/1126-6708/2008/03/014},
	Eprint = {0709.0293},
	Journal = {JHEP},
	Pages = {014},
	Primaryclass = {hep-th},
	Reportnumber = {IC-2007-032},
	Slaccitation = {%%CITATION = ARXIV:0709.0293;%%},
	Title = {{The Effective Field Theory of Inflation}},
	Volume = {0803},
	Year = {2008},
	Bdsk-Url-1 = {http://dx.doi.org/10.1088/1126-6708/2008/03/014}}}

@article{Garriga:1999vw,
	Archiveprefix = {arXiv},
	Author = {Garriga, Jaume and Mukhanov, Viatcheslav F.},
	Date-Added = {2015-04-07 09:24:47 +0000},
	Date-Modified = {2015-04-07 09:24:47 +0000},
	Doi = {10.1016/S0370-2693(99)00602-4},
	Eprint = {hep-th/9904176},
	Journal = {Phys.Lett.},
	Pages = {219-225},
	Primaryclass = {hep-th},
	Reportnumber = {UAB-FT-466},
	Slaccitation = {%%CITATION = HEP-TH/9904176;%%},
	Title = {{Perturbations in k-inflation}},
	Volume = {B458},
	Year = {1999},
	Bdsk-Url-1 = {http://dx.doi.org/10.1016/S0370-2693(99)00602-4}}}

@article{Boubekeur:2008kn,
	Archiveprefix = {arXiv},
	Author = {Boubekeur, Lotfi and Creminelli, Paolo and Norena, Jorge and Vernizzi, Filippo},
	Date-Added = {2015-04-07 09:02:18 +0000},
	Date-Modified = {2015-04-07 09:02:18 +0000},
	Doi = {10.1088/1475-7516/2008/08/028},
	Eprint = {0806.1016},
	Journal = {JCAP},
	Pages = {028},
	Primaryclass = {astro-ph},
	Slaccitation = {%%CITATION = ARXIV:0806.1016;%%},
	Title = {{Action approach to cosmological perturbations: the 2nd order metric in matter dominance}},
	Volume = {0808},
	Year = {2008},
	Bdsk-Url-1 = {http://dx.doi.org/10.1088/1475-7516/2008/08/028}}}

@article{ArmendarizPicon:2000ah,
	Archiveprefix = {arXiv},
	Author = {Armendariz-Picon, C. and Mukhanov, Viatcheslav F. and Steinhardt, Paul J.},
	Date-Added = {2015-04-07 09:02:06 +0000},
	Date-Modified = {2015-04-07 09:02:06 +0000},
	Doi = {10.1103/PhysRevD.63.103510},
	Eprint = {astro-ph/0006373},
	Journal = {Phys.Rev.},
	Pages = {103510},
	Primaryclass = {astro-ph},
	Slaccitation = {%%CITATION = ASTRO-PH/0006373;%%},
	Title = {{Essentials of k essence}},
	Volume = {D63},
	Year = {2001},
	Bdsk-Url-1 = {http://dx.doi.org/10.1103/PhysRevD.63.103510}}}

@article{ArmendarizPicon:2000dh,
	Archiveprefix = {arXiv},
	Author = {Armendariz-Picon, C. and Mukhanov, Viatcheslav F. and Steinhardt, Paul J.},
	Date-Added = {2015-04-07 09:01:55 +0000},
	Date-Modified = {2015-04-07 09:01:55 +0000},
	Doi = {10.1103/PhysRevLett.85.4438},
	Eprint = {astro-ph/0004134},
	Journal = {Phys.Rev.Lett.},
	Pages = {4438-4441},
	Primaryclass = {astro-ph},
	Slaccitation = {%%CITATION = ASTRO-PH/0004134;%%},
	Title = {{A Dynamical solution to the problem of a small cosmological constant and late time cosmic acceleration}},
	Volume = {85},
	Year = {2000},
	Bdsk-Url-1 = {http://dx.doi.org/10.1103/PhysRevLett.85.4438}}}

@article{Amendola:2003wa,
	Archiveprefix = {arXiv},
	Author = {Amendola, Luca},
	Date-Added = {2015-01-27 16:57:36 +0000},
	Date-Modified = {2015-01-27 16:57:36 +0000},
	Doi = {10.1103/PhysRevD.69.103524},
	Eprint = {astro-ph/0311175},
	Journal = {Phys.Rev.},
	Pages = {103524},
	Primaryclass = {astro-ph},
	Slaccitation = {%%CITATION = ASTRO-PH/0311175;%%},
	Title = {{Linear and non-linear perturbations in dark energy models}},
	Volume = {D69},
	Year = {2004},
	Bdsk-Url-1 = {http://dx.doi.org/10.1103/PhysRevD.69.103524}}}

@article{Maldacena:2002vr,
	Archiveprefix = {arXiv},
	Author = {Maldacena, Juan Martin},
	Date-Added = {2015-01-22 11:51:49 +0000},
	Date-Modified = {2015-01-22 11:51:49 +0000},
	Doi = {10.1088/1126-6708/2003/05/013},
	Eprint = {astro-ph/0210603},
	Journal = {JHEP},
	Pages = {013},
	Primaryclass = {astro-ph},
	Slaccitation = {%%CITATION = ASTRO-PH/0210603;%%},
	Title = {{Non-Gaussian features of primordial fluctuations in single field inflationary models}},
	Volume = {0305},
	Year = {2003},
	Bdsk-Url-1 = {http://dx.doi.org/10.1088/1126-6708/2003/05/013}}}

@article{Bruneton:2007si,
	Archiveprefix = {arXiv},
	Author = {Bruneton, Jean-Philippe and Esposito-Farese, Gilles},
	Doi = {10.1103/PhysRevD.76.129902, 10.1103/PhysRevD.76.124012 10.1103/PhysRevD.76.129902, 10.1103/PhysRevD.76.124012},
	Eprint = {0705.4043},
	Journal = {Phys.Rev.},
	Pages = {124012},
	Primaryclass = {gr-qc},
	Slaccitation = {%%CITATION = ARXIV:0705.4043;%%},
	Title = {{Field-theoretical formulations of MOND-like gravity}},
	Volume = {D76},
	Year = {2007},
	Bdsk-Url-1 = {http://dx.doi.org/10.1103/PhysRevD.76.129902,%2010.1103/PhysRevD.76.124012%2010.1103/PhysRevD.76.129902,%2010.1103/PhysRevD.76.124012}}
}}}
@article{Bettoni:2013diz,
	Archiveprefix = {arXiv},
	Author = {Bettoni, Dario and Liberati, Stefano},
	Doi = {10.1103/PhysRevD.88.084020},
	Eprint = {1306.6724},
	Journal = {Phys.Rev.},
	Number = {8},
	Pages = {084020},
	Primaryclass = {gr-qc},
	Slaccitation = {%%CITATION = ARXIV:1306.6724;%%},
	Title = {{Disformal invariance of second order scalar-tensor theories: Framing the Horndeski action}},
	Volume = {D88},
	Year = {2013},
	Bdsk-Url-1 = {http://dx.doi.org/10.1103/PhysRevD.88.084020}}}

@article{Horndeski:1974wa,
	Author = {Horndeski, Gregory Walter},
	Doi = {10.1007/BF01807638},
	Journal = {Int.J.Theor.Phys.},
	Pages = {363-384},
	Slaccitation = {%%CITATION = IJTPB,10,363;%%},
	Title = {{Second-order scalar-tensor field equations in a four-dimensional space}},
	Volume = {10},
	Year = {1974},
	Bdsk-Url-1 = {http://dx.doi.org/10.1007/BF01807638}}}

@article{Clifton:2011jh,
	Archiveprefix = {arXiv},
	Author = {Clifton, Timothy and Ferreira, Pedro G. and Padilla, Antonio and Skordis, Constantinos},
	Doi = {10.1016/j.physrep.2012.01.001},
	Eprint = {1106.2476},
	Journal = {Phys.Rept.},
	Pages = {1-189},
	Primaryclass = {astro-ph.CO},
	Slaccitation = {%%CITATION = ARXIV:1106.2476;%%},
	Title = {{Modified Gravity and Cosmology}},
	Volume = {513},
	Year = {2012},
	Bdsk-Url-1 = {http://dx.doi.org/10.1016/j.physrep.2012.01.001}}}

@article{Ade:2013zuv,
	Archiveprefix = {arXiv},
	Author = {Ade, P.A.R. and others},
	Collaboration = {Planck Collaboration},
	Doi = {10.1051/0004-6361/201321591},
	Eprint = {1303.5076},
	Journal = {Astron.Astrophys.},
	Pages = {A16},
	Primaryclass = {astro-ph.CO},
	Slaccitation = {%%CITATION = ARXIV:1303.5076;%%},
	Title = {{Planck 2013 results. XVI. Cosmological parameters}},
	Volume = {571},
	Year = {2014},
	Bdsk-Url-1 = {http://dx.doi.org/10.1051/0004-6361/201321591}}}

@article{Jennings:2009qg,
      author         = "Jennings, Elise and Baugh, Carlton M. and Angulo, Raul E.
                        and Pascoli, Silvia",
      title          = "{Simulations of Quintessential Cold Dark Matter: beyond
                        the cosmological constant}",
      journal        = "Mon. Not. Roy. Astron. Soc.",
      volume         = "401",
      year           = "2010",
      pages          = "2181",
      doi            = "10.1111/j.1365-2966.2009.15819.x",
      eprint         = "0908.1394",
      archivePrefix  = "arXiv",
      primaryClass   = "astro-ph.CO",
      reportNumber   = "IPPP-09-59, DCPT-09-118",
      SLACcitation   = "%%CITATION = ARXIV:0908.1394;%%"
}

@article{Bekenstein:1992pj,
	Archiveprefix = {arXiv},
	Author = {Bekenstein, Jacob D.},
	Doi = {10.1103/PhysRevD.48.3641},
	Eprint = {gr-qc/9211017},
	Journal = {Phys.Rev.},
	Pages = {3641-3647},
	Primaryclass = {gr-qc},
	Reportnumber = {UCSB-TH-92-41, UCSBTH-92-41},
	Slaccitation = {%%CITATION = GR-QC/9211017;%%},
	Title = {{The Relation between physical and gravitational geometry}},
	Volume = {D48},
	Year = {1993},
	Bdsk-Url-1 = {http://dx.doi.org/10.1103/PhysRevD.48.3641}}}

@article{Bellini:2014fua,
	Archiveprefix = {arXiv},
	Author = {Bellini, Emilio and Sawicki, Ignacy},
	Doi = {10.1088/1475-7516/2014/07/050},
	Eprint = {1404.3713},
	Journal = {JCAP},
	Pages = {050},
	Primaryclass = {astro-ph.CO},
	Slaccitation = {%%CITATION = ARXIV:1404.3713;%%},
	Title = {{Maximal freedom at minimum cost: linear large-scale structure in general modifications of gravity}},
	Volume = {1407},
	Year = {2014},
	Bdsk-Url-1 = {http://dx.doi.org/10.1088/1475-7516/2014/07/050}}}

@article{Koivisto:2012za,
	Archiveprefix = {arXiv},
	Author = {Koivisto, Tomi S. and Mota, David F. and Zumalac\'arregui, Miguel},
	Doi = {10.1103/PhysRevLett.109.241102},
	Eprint = {1205.3167},
	Journal = {Phys.Rev.Lett.},
	Pages = {241102},
	Primaryclass = {astro-ph.CO},
	Slaccitation = {%%CITATION = ARXIV:1205.3167;%%},
	Title = {{Screening Modifications of Gravity through Disformally Coupled Fields}},
	Volume = {109},
	Year = {2012},
	Bdsk-Url-1 = {http://dx.doi.org/10.1103/PhysRevLett.109.241102}}}

@article{vandeBruck:2012vq,
	Archiveprefix = {arXiv},
	Author = {van de Bruck, C. and Sculthorpe, G.},
	Doi = {10.1103/PhysRevD.87.044004},
	Eprint = {1210.2168},
	Journal = {Phys.Rev.},
	Number = {4},
	Pages = {044004},
	Primaryclass = {astro-ph.CO},
	Slaccitation = {%%CITATION = ARXIV:1210.2168;%%},
	Title = {{Modified Gravity and the Radiation Dominated Epoch}},
	Volume = {D87},
	Year = {2013},
	Bdsk-Url-1 = {http://dx.doi.org/10.1103/PhysRevD.87.044004}}}

@article{Blas:2011rf,
      author         = "Blas, Diego and Lesgourgues, Julien and Tram, Thomas",
      title          = "{The Cosmic Linear Anisotropy Solving System (CLASS) II:
                        Approximation schemes}",
      journal        = "JCAP",
      volume         = "1107",
      year           = "2011",
      pages          = "034",
      doi            = "10.1088/1475-7516/2011/07/034",
      eprint         = "1104.2933",
      archivePrefix  = "arXiv",
      primaryClass   = "astro-ph.CO",
      reportNumber   = "CERN-PH-TH-2011-082, LAPTH-010-11",
      SLACcitation   = "%%CITATION = ARXIV:1104.2933;%%"
}

@article{Takahashi:2012em,
      author         = "Takahashi, Ryuichi and Sato, Masanori and Nishimichi,
                        Takahiro and Taruya, Atsushi and Oguri, Masamune",
      title          = "{Revising the Halofit Model for the Nonlinear Matter
                        Power Spectrum}",
      journal        = "Astrophys. J.",
      volume         = "761",
      year           = "2012",
      pages          = "152",
      doi            = "10.1088/0004-637X/761/2/152",
      eprint         = "1208.2701",
      archivePrefix  = "arXiv",
      primaryClass   = "astro-ph.CO",
      SLACcitation   = "%%CITATION = ARXIV:1208.2701;%%"
}


@article{Behroozi:2011ju,
      author         = "Behroozi, Peter S. and Wechsler, Risa H. and Wu, Hao-Yi",
      title          = "{The Rockstar Phase-Space Temporal Halo Finder and the
                        Velocity Offsets of Cluster Cores}",
      journal        = "Astrophys. J.",
      volume         = "762",
      year           = "2013",
      pages          = "109",
      doi            = "10.1088/0004-637X/762/2/109",
      eprint         = "1110.4372",
      archivePrefix  = "arXiv",
      primaryClass   = "astro-ph.CO",
      reportNumber   = "SLAC-PUB-15331",
      SLACcitation   = "%%CITATION = ARXIV:1110.4372;%%"
}

@article{Zumalacarregui:2012us,
	Archiveprefix = {arXiv},
	Author = {Zumalac\'arregui, Miguel and Koivisto, Tomi S. and Mota, David F.},
	Doi = {10.1103/PhysRevD.87.083010},
	Eprint = {1210.8016},
	Journal = {Phys.Rev.},
	Pages = {083010},
	Primaryclass = {astro-ph.CO},
	Reportnumber = {IFT-UAM-CSIC-12-C3},
	Slaccitation = {%%CITATION = ARXIV:1210.8016;%%},
	Title = {{DBI Galileons in the Einstein Frame: Local Gravity and Cosmology}},
	Volume = {D87},
	Year = {2013},
	Bdsk-Url-1 = {http://dx.doi.org/10.1103/PhysRevD.87.083010}}}

@article{Minamitsuji:2014waa,
	Archiveprefix = {arXiv},
	Author = {Minamitsuji, Masato},
	Doi = {10.1016/j.physletb.2014.08.037},
	Eprint = {1409.1566},
	Journal = {Phys.Lett.},
	Pages = {139-150},
	Primaryclass = {astro-ph.CO},
	Slaccitation = {%%CITATION = ARXIV:1409.1566;%%},
	Title = {{Disformal transformation of cosmological perturbations}},
	Volume = {B737},
	Year = {2014},
	Bdsk-Url-1 = {http://dx.doi.org/10.1016/j.physletb.2014.08.037}}}

@article{Saracco:2009df,
	Archiveprefix = {arXiv},
	Author = {Saracco, F. and Pietroni, M. and Tetradis, N. and Pettorino, V. and Robbers, G.},
	Doi = {10.1103/PhysRevD.82.023528},
	Eprint = {0911.5396},
	Journal = {Phys.Rev.},
	Pages = {023528},
	Primaryclass = {astro-ph.CO},
	Slaccitation = {%%CITATION = ARXIV:0911.5396;%%},
	Title = {{Non-linear Matter Spectra in Coupled Quintessence}},
	Volume = {D82},
	Year = {2010},
	Bdsk-Url-1 = {http://dx.doi.org/10.1103/PhysRevD.82.023528}}}

@article{Battye:2012eu,
	Archiveprefix = {arXiv},
	Author = {Battye, Richard A. and Pearson, Jonathan A.},
	Doi = {10.1088/1475-7516/2012/07/019},
	Eprint = {1203.0398},
	Journal = {JCAP},
	Pages = {019},
	Primaryclass = {hep-th},
	Slaccitation = {%%CITATION = ARXIV:1203.0398;%%},
	Title = {{Effective action approach to cosmological perturbations in dark energy and modified gravity}},
	Volume = {1207},
	Year = {2012},
	Bdsk-Url-1 = {http://dx.doi.org/10.1088/1475-7516/2012/07/019}}}

@article{Deffayet:2011gz,
	Archiveprefix = {arXiv},
	Author = {Deffayet, C. and Gao, Xian and Steer, D.A. and Zahariade, G.},
	Doi = {10.1103/PhysRevD.84.064039},
	Eprint = {1103.3260},
	Journal = {Phys.Rev.},
	Pages = {064039},
	Primaryclass = {hep-th},
	Slaccitation = {%%CITATION = ARXIV:1103.3260;%%},
	Title = {{From k-essence to generalised Galileons}},
	Volume = {D84},
	Year = {2011},
	Bdsk-Url-1 = {http://dx.doi.org/10.1103/PhysRevD.84.064039}}}

@article{Kobayashi:2011nu,
	Archiveprefix = {arXiv},
	Author = {Kobayashi, Tsutomu and Yamaguchi, Masahide and Yokoyama, Jun'ichi},
	Doi = {10.1143/PTP.126.511},
	Eprint = {1105.5723},
	Journal = {Prog.Theor.Phys.},
	Pages = {511-529},
	Primaryclass = {hep-th},
	Reportnumber = {KUNS-2339, RESCEU-9-11},
	Slaccitation = {%%CITATION = ARXIV:1105.5723;%%},
	Title = {{Generalized G-inflation: Inflation with the most general second-order field equations}},
	Volume = {126},
	Year = {2011},
	Bdsk-Url-1 = {http://dx.doi.org/10.1143/PTP.126.511}}}

@article{Brans:1961sx,
	Author = {Brans, C. and Dicke, R.H.},
	Doi = {10.1103/PhysRev.124.925},
	Journal = {Phys.Rev.},
	Pages = {925-935},
	Slaccitation = {%%CITATION = PHRVA,124,925;%%},
	Title = {{Mach's principle and a relativistic theory of gravitation}},
	Volume = {124},
	Year = {1961},
	Bdsk-Url-1 = {http://dx.doi.org/10.1103/PhysRev.124.925}}}

@article{Damour:1990tw,
	Author = {Damour, T. and Gibbons, G. W. and Gundlach, C.},
	Doi = {10.1103/PhysRevLett.64.123},
	Journal = {Phys.Rev.Lett.},
	Pages = {123-126},
	Slaccitation = {%%CITATION = PRLTA,64,123;%%},
	Title = {{Dark Matter, Time Varying $G$, and a Dilaton Field}},
	Volume = {64},
	Year = {1990},
	Bdsk-Url-1 = {http://dx.doi.org/10.1103/PhysRevLett.64.123}}}

@article{Amendola:1999er,
	Archiveprefix = {arXiv},
	Author = {Amendola, Luca},
	Doi = {10.1103/PhysRevD.62.043511},
	Eprint = {astro-ph/9908023},
	Journal = {Phys.Rev.},
	Pages = {043511},
	Primaryclass = {astro-ph},
	Slaccitation = {%%CITATION = ASTRO-PH/9908023;%%},
	Title = {{Coupled quintessence}},
	Volume = {D62},
	Year = {2000},
	Bdsk-Url-1 = {http://dx.doi.org/10.1103/PhysRevD.62.043511}}}

@article{Billyard:2000bh,
	Archiveprefix = {arXiv},
	Author = {Billyard, Andrew P. and Coley, Alan A.},
	Doi = {10.1103/PhysRevD.61.083503},
	Eprint = {astro-ph/9908224},
	Journal = {Phys.Rev.},
	Pages = {083503},
	Primaryclass = {astro-ph},
	Reportnumber = {DAL-98-08},
	Slaccitation = {%%CITATION = ASTRO-PH/9908224;%%},
	Title = {{Interactions in scalar field cosmology}},
	Volume = {D61},
	Year = {2000},
	Bdsk-Url-1 = {http://dx.doi.org/10.1103/PhysRevD.61.083503}}}

@article{Pettorino:2012ts,
	Archiveprefix = {arXiv},
	Author = {Pettorino, Valeria and Amendola, Luca and Baccigalupi, Carlo and Quercellini, Claudia},
	Doi = {10.1103/PhysRevD.86.103507},
	Eprint = {1207.3293},
	Journal = {Phys.Rev.},
	Pages = {103507},
	Primaryclass = {astro-ph.CO},
	Slaccitation = {%%CITATION = ARXIV:1207.3293;%%},
	Title = {{Constraints on coupled dark energy using CMB data from WMAP and SPT}},
	Volume = {D86},
	Year = {2012},
	Bdsk-Url-1 = {http://dx.doi.org/10.1103/PhysRevD.86.103507}}}

@article{Baldi:2008ay,
	Archiveprefix = {arXiv},
	Author = {Baldi, Marco and Pettorino, Valeria and Robbers, Georg and Springel, Volker},
	Doi = {10.1111/j.1365-2966.2009.15987.x},
	Eprint = {0812.3901},
	Journal = {Mon.Not.Roy.Astron.Soc.},
	Pages = {1684-1702},
	Primaryclass = {astro-ph},
	Slaccitation = {%%CITATION = ARXIV:0812.3901;%%},
	Title = {{Hydrodynamical N-body simulations of coupled dark energy cosmologies}},
	Volume = {403},
	Year = {2010},
	Bdsk-Url-1 = {http://dx.doi.org/10.1111/j.1365-2966.2009.15987.x}}}

@article{Bertolami:2007zm,
	Archiveprefix = {arXiv},
	Author = {Bertolami, Orfeu and Gil Pedro, F. and Le Delliou, M.},
	Doi = {10.1016/j.physletb.2007.08.046},
	Eprint = {astro-ph/0703462},
	Journal = {Phys.Lett.},
	Pages = {165-169},
	Primaryclass = {ASTRO-PH},
	Reportnumber = {DF-IST-3-2007},
	Slaccitation = {%%CITATION = ASTRO-PH/0703462;%%},
	Title = {{Dark Energy-Dark Matter Interaction and the Violation of the Equivalence Principle from the Abell Cluster A586}},
	Volume = {B654},
	Year = {2007},
	Bdsk-Url-1 = {http://dx.doi.org/10.1016/j.physletb.2007.08.046}}}

@article{Valiviita:2009nu,
	Archiveprefix = {arXiv},
	Author = {Valiviita, Jussi and Maartens, Roy and Majerotto, Elisabetta},
	Doi = {10.1111/j.1365-2966.2009.16115.x},
	Eprint = {0907.4987},
	Journal = {Mon.Not.Roy.Astron.Soc.},
	Pages = {2355-2368},
	Primaryclass = {astro-ph.CO},
	Slaccitation = {%%CITATION = ARXIV:0907.4987;%%},
	Title = {{Observational constraints on an interacting dark energy model}},
	Volume = {402},
	Year = {2010},
	Bdsk-Url-1 = {http://dx.doi.org/10.1111/j.1365-2966.2009.16115.x}}}

@article{Koyama:2009gd,
	Archiveprefix = {arXiv},
	Author = {Koyama, Kazuya and Maartens, Roy and Song, Yong-Seon},
	Doi = {10.1088/1475-7516/2009/10/017},
	Eprint = {0907.2126},
	Journal = {JCAP},
	Pages = {017},
	Primaryclass = {astro-ph.CO},
	Slaccitation = {%%CITATION = ARXIV:0907.2126;%%},
	Title = {{Velocities as a probe of dark sector interactions}},
	Volume = {0910},
	Year = {2009},
	Bdsk-Url-1 = {http://dx.doi.org/10.1088/1475-7516/2009/10/017}}}

@article{Baldi:2010vv,
	Archiveprefix = {arXiv},
	Author = {Baldi, Marco},
	Eprint = {1005.2188},
	Journal = {Mon.Not.Roy.Astron.Soc.},
	Pages = {1077},
	Primaryclass = {astro-ph.CO},
	Slaccitation = {%%CITATION = ARXIV:1005.2188;%%},
	Title = {{Time dependent couplings in the dark sector: from background evolution to nonlinear structure formation}},
	Volume = {411},
	Year = {2011}}
}
@article{Yang:2014gza,
	Archiveprefix = {arXiv},
	Author = {Yang, Weiqiang and Xu, Lixin},
	Doi = {10.1103/PhysRevD.89.083517},
	Eprint = {1401.1286},
	Journal = {Phys.Rev.},
	Number = {8},
	Pages = {083517},
	Primaryclass = {astro-ph.CO},
	Slaccitation = {%%CITATION = ARXIV:1401.1286;%%},
	Title = {{Cosmological constraints on interacting dark energy with redshift-space distortion after Planck data}},
	Volume = {D89},
	Year = {2014},
	Bdsk-Url-1 = {http://dx.doi.org/10.1103/PhysRevD.89.083517}}
}
@article{yang:2014vza,
	Archiveprefix = {arXiv},
	Author = {Yang, Weiqiang and Xu, Lixin},
	Doi = {10.1088/1475-7516/2014/08/034},
	Eprint = {1401.5177},
	Journal = {JCAP},
	Pages = {034},
	Primaryclass = {astro-ph.CO},
	Slaccitation = {%%CITATION = ARXIV:1401.5177;%%},
	Title = {{Testing coupled dark energy with large scale structure observation}},
	Volume = {1408},
	Year = {2014},
	Bdsk-Url-1 = {http://dx.doi.org/10.1088/1475-7516/2014/08/034}}
}

@article{Koivisto:2008ak,
	Archiveprefix = {arXiv},
	Author = {Koivisto, Tomi S.},
	Eprint = {0811.1957},
	Primaryclass = {astro-ph},
	Slaccitation = {%%CITATION = ARXIV:0811.1957;%%},
	Title = {{Disformal quintessence}},
	Year = {2008}}
}

@article{Zumalacarregui:2010wj,
	Archiveprefix = {arXiv},
	Author = {Zumalac\'arregui, M. and Koivisto, T.S. and Mota, D.F. and Ruiz-Lapuente, P.},
	Doi = {10.1088/1475-7516/2010/05/038},
	Eprint = {1004.2684},
	Journal = {JCAP},
	Pages = {038},
	Primaryclass = {astro-ph.CO},
	Slaccitation = {%%CITATION = ARXIV:1004.2684;%%},
	Title = {{Disformal Scalar Fields and the Dark Sector of the Universe}},
	Volume = {1005},
	Year = {2010},
	Bdsk-Url-1 = {http://dx.doi.org/10.1088/1475-7516/2010/05/038}}
}

@article{Brax:2014vva,
	Archiveprefix = {arXiv},
	Author = {Brax, Philippe and Burrage, Clare},
	Doi = {10.1103/PhysRevD.90.104009},
	Eprint = {1407.1861},
	Journal = {Phys.Rev.},
	Number = {10},
	Pages = {104009},
	Primaryclass = {astro-ph.CO},
	Slaccitation = {%%CITATION = ARXIV:1407.1861;%%},
	Title = {{Constraining Disformally Coupled Scalar Fields}},
	Volume = {D90},
	Year = {2014},
	Bdsk-Url-1 = {http://dx.doi.org/10.1103/PhysRevD.90.104009}}
}

@article{Sakstein:2014isa,
	Archiveprefix = {arXiv},
	Author = {Sakstein, Jeremy},
	Doi = {10.1088/1475-7516/2014/12/012},
	Eprint = {1409.1734},
	Journal = {JCAP},
	Number = {12},
	Pages = {012},
	Primaryclass = {astro-ph.CO},
	Slaccitation = {%%CITATION = ARXIV:1409.1734;%%},
	Title = {{Disformal Theories of Gravity: From the Solar System to Cosmology}},
	Volume = {1412},
	Year = {2014},
	Bdsk-Url-1 = {http://dx.doi.org/10.1088/1475-7516/2014/12/012}}
}

@article{Koivisto:2015mwa,
	Archiveprefix = {arXiv},
	Author = {Koivisto, Tomi and Nyrhinen, Hannu J.},
	Eprint = {1503.02063},
	Primaryclass = {gr-qc},
	Reportnumber = {NORDITA-2015-28, HIP-2015-10-TH},
	Slaccitation = {%%CITATION = ARXIV:1503.02063;%%},
	Title = {{Stability of disformally coupled accretion disks}},
	Year = {2015}}
}

@article{Agashe:2014kda,
	Author = {Olive, K.A. and others},
	Collaboration = {Particle Data Group},
	Doi = {10.1088/1674-1137/38/9/090001},
	Journal = {Chin.Phys.},
	Pages = {090001},
	Slaccitation = {%%CITATION = CHPHD,C38,090001;%%},
	Title = {{Review of Particle Physics}},
	Volume = {C38},
	Year = {2014},
	Bdsk-Url-1 = {http://dx.doi.org/10.1088/1674-1137/38/9/090001}}
}

@article{Schlamminger:2007ht,
	Archiveprefix = {arXiv},
	Author = {Schlamminger, Stephan and Choi, K.-Y. and Wagner, T.A. and Gundlach, J.H. and Adelberger, E.G.},
	Doi = {10.1103/PhysRevLett.100.041101},
	Eprint = {0712.0607},
	Journal = {Phys.Rev.Lett.},
	Pages = {041101},
	Primaryclass = {gr-qc},
	Slaccitation = {%%CITATION = ARXIV:0712.0607;%%},
	Title = {{Test of the equivalence principle using a rotating torsion balance}},
	Volume = {100},
	Year = {2008},
	Bdsk-Url-1 = {http://dx.doi.org/10.1103/PhysRevLett.100.041101}}
}

@article{Ade:2015rim,
	Archiveprefix = {arXiv},
	Author = {Ade, P.A.R. and others},
	Collaboration = {Planck},
	Eprint = {1502.01590},
	Primaryclass = {astro-ph.CO},
	Slaccitation = {%%CITATION = ARXIV:1502.01590;%%},
	Title = {{Planck 2015 results. XIV. Dark energy and modified gravity}},
	Year = {2015}}
}

@article{Dupays:2006dp,
	Archiveprefix = {arXiv},
	Author = {Dupays, Arnaud and Masso, Eduard and Redondo, Javier and Rizzo, Carlo},
	Doi = {10.1103/PhysRevLett.98.131802},
	Eprint = {hep-ph/0610286},
	Journal = {Phys.Rev.Lett.},
	Pages = {131802},
	Primaryclass = {hep-ph},
	Slaccitation = {%%CITATION = HEP-PH/0610286;%%},
	Title = {{Light scalars coupled to photons and non-newtonian forces}},
	Volume = {98},
	Year = {2007},
	Bdsk-Url-1 = {http://dx.doi.org/10.1103/PhysRevLett.98.131802}}
}

@article{Hawking:1973uf,
	Author = {Hawking, S.W. and Ellis, G.F.R.},
	Slaccitation = {%%CITATION = INSPIRE-87997;%%},
	Title = {{The Large scale structure of space-time}},
	Year = {1973}}
}

@article{Nicolis:2008in,
	Archiveprefix = {arXiv},
	Author = {Nicolis, Alberto and Rattazzi, Riccardo and Trincherini, Enrico},
	Doi = {10.1103/PhysRevD.79.064036},
	Eprint = {0811.2197},
	Journal = {Phys. Rev.},
	Pages = {064036},
	Primaryclass = {hep-th},
	Slaccitation = {%%CITATION = ARXIV:0811.2197;%%},
	Title = {{The Galileon as a local modification of gravity}},
	Volume = {D79},
	Year = {2009},
	Bdsk-Url-1 = {http://dx.doi.org/10.1103/PhysRevD.79.064036}}
}

@article{Pirtskhalava:2015nla,
	Archiveprefix = {arXiv},
	Author = {Pirtskhalava, David and Santoni, Luca and Trincherini, Enrico and Vernizzi, Filippo},
	Doi = {10.1088/1475-7516/2015/09/007},
	Eprint = {1505.00007},
	Journal = {JCAP},
	Number = {09},
	Pages = {007},
	Primaryclass = {hep-th},
	Slaccitation = {%%CITATION = ARXIV:1505.00007;%%},
	Title = {{Weakly Broken Galileon Symmetry}},
	Volume = {1509},
	Year = {2015},
	Bdsk-Url-1 = {http://dx.doi.org/10.1088/1475-7516/2015/09/007}}
}

@article{Beutler:2012px,
	Archiveprefix = {arXiv},
	Author = {Beutler, Florian and Blake, Chris and Colless, Matthew and Jones, D. Heath and Staveley-Smith, Lister and Poole, Gregory B. and Campbell, Lachlan and Parker, Quentin and Saunders, Will and Watson, Fred},
	Doi = {10.1111/j.1365-2966.2012.21136.x},
	Eprint = {1204.4725},
	Journal = {Mon. Not. Roy. Astron. Soc.},
	Pages = {3430-3444},
	Primaryclass = {astro-ph.CO},
	Slaccitation = {%%CITATION = ARXIV:1204.4725;%%},
	Title = {{The 6dF Galaxy Survey: {$z \approx 0$} measurement of the growth rate and {$\sigma_8$}}},
	Volume = {423},
	Year = {2012},
	Bdsk-Url-1 = {http://dx.doi.org/10.1111/j.1365-2966.2012.21136.x}}
}

@article{Howlett:2014opa,
	Archiveprefix = {arXiv},
	Author = {Howlett, Cullan and Ross, Ashley and Samushia, Lado and Percival, Will and Manera, Marc},
	Doi = {10.1093/mnras/stu2693},
	Eprint = {1409.3238},
	Journal = {Mon. Not. Roy. Astron. Soc.},
	Number = {1},
	Pages = {848-866},
	Primaryclass = {astro-ph.CO},
	Slaccitation = {%%CITATION = ARXIV:1409.3238;%%},
	Title = {{The clustering of the SDSS main galaxy sample ? II. Mock galaxy catalogues and a measurement of the growth of structure from redshift space distortions at $z = 0.15$}},
	Volume = {449},
	Year = {2015},
	Bdsk-Url-1 = {http://dx.doi.org/10.1093/mnras/stu2693}}
}

@article{Oka:2013cba,
	Archiveprefix = {arXiv},
	Author = {Oka, Akira and Saito, Shun and Nishimichi, Takahiro and Taruya, Atsushi and Yamamoto, Kazuhiro},
	Doi = {10.1093/mnras/stu111},
	Eprint = {1310.2820},
	Journal = {Mon. Not. Roy. Astron. Soc.},
	Pages = {2515-2530},
	Primaryclass = {astro-ph.CO},
	Reportnumber = {IPMU13-0187, RESCEU-43-13, YITP-93-92},
	Slaccitation = {%%CITATION = ARXIV:1310.2820;%%},
	Title = {{Simultaneous constraints on the growth of structure and cosmic expansion from the multipole power spectra of the SDSS DR7 LRG sample}},
	Volume = {439},
	Year = {2014},
	Bdsk-Url-1 = {http://dx.doi.org/10.1093/mnras/stu111}}
}

@article{Gil-Marin:2015sqa,
	Archiveprefix = {arXiv},
	Author = {Gil-Marï¿½n, Hï¿½ctor and others},
	Doi = {10.1093/mnras/stw1096},
	Eprint = {1509.06386},
	Primaryclass = {astro-ph.CO},
	Slaccitation = {%%CITATION = ARXIV:1509.06386;%%},
	Title = {{The clustering of galaxies in the SDSS-III Baryon Oscillation Spectroscopic Survey: RSD measurement from the LOS-dependent power spectrum of DR12 BOSS galaxies}},
	Year = {2015},
	Bdsk-Url-1 = {http://dx.doi.org/10.1093/mnras/stw1096}}
}

@article{Beutler:2013yhm,
	Archiveprefix = {arXiv},
	Author = {Beutler, Florian and others},
	Collaboration = {BOSS},
	Doi = {10.1093/mnras/stu1051},
	Eprint = {1312.4611},
	Journal = {Mon. Not. Roy. Astron. Soc.},
	Number = {2},
	Pages = {1065-1089},
	Primaryclass = {astro-ph.CO},
	Slaccitation = {%%CITATION = ARXIV:1312.4611;%%},
	Title = {{The clustering of galaxies in the SDSS-III Baryon Oscillation Spectroscopic Survey: Testing gravity with redshift-space distortions using the power spectrum multipoles}},
	Volume = {443},
	Year = {2014},
	Bdsk-Url-1 = {http://dx.doi.org/10.1093/mnras/stu1051}}
}

@article{Blake:2012pj,
	Archiveprefix = {arXiv},
	Author = {Blake, Chris and others},
	Date-Modified = {2016-09-05 17:39:31 +0000},
	Doi = {10.1111/j.1365-2966.2012.21473.x},
	Eprint = {1204.3674},
	Journal = {Mon. Not. Roy. Astron. Soc.},
	Pages = {405-414},
	Primaryclass = {astro-ph.CO},
	Slaccitation = {%%CITATION = ARXIV:1204.3674;%%},
	Title = {{The WiggleZ Dark Energy Survey: Joint measurements of the expansion and growth history at $z < 1$}},
	Volume = {425},
	Year = {2012},
	Bdsk-Url-1 = {http://dx.doi.org/10.1111/j.1365-2966.2012.21473.x}}
}

@article{delaTorre:2013rpa,
	Archiveprefix = {arXiv},
	Author = {de la Torre, S. and others},
	Doi = {10.1051/0004-6361/201321463},
	Eprint = {1303.2622},
	Journal = {Astron. Astrophys.},
	Pages = {A54},
	Primaryclass = {astro-ph.CO},
	Slaccitation = {%%CITATION = ARXIV:1303.2622;%%},
	Title = {{The VIMOS Public Extragalactic Redshift Survey (VIPERS). Galaxy clustering and redshift-space distortions at z=0.8 in the first data release}},
	Volume = {557},
	Year = {2013},
	Bdsk-Url-1 = {http://dx.doi.org/10.1051/0004-6361/201321463}}
}

@article{Samushia:2013yga,
	Archiveprefix = {arXiv},
	Author = {Samushia, Lado and others},
	Doi = {10.1093/mnras/stu197},
	Eprint = {1312.4899},
	Journal = {Mon. Not. Roy. Astron. Soc.},
	Number = {4},
	Pages = {3504-3519},
	Primaryclass = {astro-ph.CO},
	Slaccitation = {%%CITATION = ARXIV:1312.4899;%%},
	Title = {{The clustering of galaxies in the SDSS-III Baryon Oscillation Spectroscopic Survey: measuring growth rate and geometry with anisotropic clustering}},
	Volume = {439},
	Year = {2014},
	Bdsk-Url-1 = {http://dx.doi.org/10.1093/mnras/stu197}}
}

@article{Kohlinger:2015tza,
	Archiveprefix = {arXiv},
	Author = {K\"ohlinger, Fabian and Viola, Massimo and Valkenburg, Wessel and Joachimi, Benjamin and Hoekstra, Henk and Kuijken, Konrad},
	Date-Modified = {2016-09-05 17:38:28 +0000},
	Doi = {10.1093/mnras/stv2762},
	Eprint = {1509.04071},
	Journal = {Mon. Not. Roy. Astron. Soc.},
	Number = {2},
	Pages = {1508-1527},
	Primaryclass = {astro-ph.CO},
	Slaccitation = {%%CITATION = ARXIV:1509.04071;%%},
	Title = {{A direct measurement of tomographic lensing power spectra from CFHTLenS}},
	Volume = {456},
	Year = {2016},
	Bdsk-Url-1 = {http://dx.doi.org/10.1093/mnras/stv2762}}
}

@article{Kilbinger:2012qz,
	Archiveprefix = {arXiv},
	Author = {Kilbinger, Martin and others},
	Doi = {10.1093/mnras/stt041},
	Eprint = {1212.3338},
	Journal = {Mon. Not. Roy. Astron. Soc.},
	Pages = {2200-2220},
	Primaryclass = {astro-ph.CO},
	Slaccitation = {%%CITATION = ARXIV:1212.3338;%%},
	Title = {{CFHTLenS: Combined probe cosmological model comparison using 2D weak gravitational lensing}},
	Volume = {430},
	Year = {2013},
	Bdsk-Url-1 = {http://dx.doi.org/10.1093/mnras/stt041}}
}

@article{deHaan:2016qvy,
	Archiveprefix = {arXiv},
	Author = {de Haan, T. and others},
	Collaboration = {SPT},
	Eprint = {1603.06522},
	Journal = {Submitted to: Astrophys. J.},
	Primaryclass = {astro-ph.CO},
	Reportnumber = {FERMILAB-PUB-16-085-A-AE-PPD},
	Slaccitation = {%%CITATION = ARXIV:1603.06522;%%},
	Title = {{Cosmological Constraints from Galaxy Clusters in the 2500 square-degree SPT-SZ Survey}},
	Year = {2016}}
}

@article{Abbott:2015swa,
	Archiveprefix = {arXiv},
	Author = {Abbott, T. and others},
	Collaboration = {DES},
	Doi = {10.1103/PhysRevD.94.022001},
	Eprint = {1507.05552},
	Journal = {Phys. Rev.},
	Number = {2},
	Pages = {022001},
	Primaryclass = {astro-ph.CO},
	Reportnumber = {DES-2015-0076, FERMILAB-PUB-15-285-AE},
	Slaccitation = {%%CITATION = ARXIV:1507.05552;%%},
	Title = {{Cosmology from cosmic shear with Dark Energy Survey Science Verification data}},
	Volume = {D94},
	Year = {2016},
	Bdsk-Url-1 = {http://dx.doi.org/10.1103/PhysRevD.94.022001}}
	}
	
@article{Hildebrandt:2016iqg,
	Archiveprefix = {arXiv},
	Author = {Hildebrandt, H. and others},
	Eprint = {1606.05338},
	Primaryclass = {astro-ph.CO},
	Slaccitation = {%%CITATION = ARXIV:1606.05338;%%},
	Title = {{KiDS-450: Cosmological parameter constraints from tomographic weak gravitational lensing}},
	Year = {2016}}
}

@article{Joudaki:2016mvz,
	Archiveprefix = {arXiv},
	Author = {Joudaki, Shahab and others},
	Eprint = {1601.05786},
	Primaryclass = {astro-ph.CO},
	Slaccitation = {%%CITATION = ARXIV:1601.05786;%%},
	Title = {{CFHTLenS revisited: assessing concordance with Planck including astrophysical systematics}},
	Year = {2016}}
}

@article{Alam:2016hwk,
	Archiveprefix = {arXiv},
	Author = {Alam, Shadab and others},
	Collaboration = {BOSS},
	Eprint = {1607.03155},
	Journal = {Submitted to: Mon. Not. Roy. Astron. Soc.},
	Primaryclass = {astro-ph.CO},
	Slaccitation = {%%CITATION = ARXIV:1607.03155;%%},
	Title = {{The clustering of galaxies in the completed SDSS-III Baryon Oscillation Spectroscopic Survey: cosmological analysis of the DR12 galaxy sample}},
	Year = {2016}}
}

@article{Blake:2013nif,
	Archiveprefix = {arXiv},
	Author = {Blake, Chris and others},
	Doi = {10.1093/mnras/stt1791},
	Eprint = {1309.5556},
	Journal = {Mon. Not. Roy. Astron. Soc.},
	Pages = {3089},
	Primaryclass = {astro-ph.CO},
	Slaccitation = {%%CITATION = ARXIV:1309.5556;%%},
	Title = {{Galaxy And Mass Assembly (GAMA): improved cosmic growth measurements using multiple tracers of large-scale structure}},
	Volume = {436},
	Year = {2013},
	Bdsk-Url-1 = {http://dx.doi.org/10.1093/mnras/stt1791}}
}

@article{Lagos:2016wyv,
	Archiveprefix = {arXiv},
	Author = {Lagos, Macarena and Baker, Tessa and Ferreira, Pedro G. and Noller, Johannes},
	Doi = {10.1088/1475-7516/2016/08/007},
	Eprint = {1604.01396},
	Journal = {JCAP},
	Number = {08},
	Pages = {007},
	Primaryclass = {gr-qc},
	Slaccitation = {%%CITATION = ARXIV:1604.01396;%%},
	Title = {{A general theory of linear cosmological perturbations: scalar-tensor and vector-tensor theories}},
	Volume = {1608},
	Year = {2016},
	Bdsk-Url-1 = {http://dx.doi.org/10.1088/1475-7516/2016/08/007}}
}

@article{Renk:2016olm,
	Archiveprefix = {arXiv},
	Author = {Renk, Janina and Zumalacarregui, Miguel and Montanari, Francesco},
	Doi = {10.1088/1475-7516/2016/07/040},
	Eprint = {1604.03487},
	Journal = {JCAP},
	Number = {07},
	Pages = {040},
	Primaryclass = {astro-ph.CO},
	Reportnumber = {NORDITA-2016-26, HIP-2016-15-TH},
	Slaccitation = {%%CITATION = ARXIV:1604.03487;%%},
	Title = {{Gravity at the horizon: on relativistic effects, CMB-LSS correlations and ultra-large scales in Horndeski's theory}},
	Volume = {1607},
	Year = {2016},
	Bdsk-Url-1 = {http://dx.doi.org/10.1088/1475-7516/2016/07/040}}
}

@article{Hu:2016zrh,
	Archiveprefix = {arXiv},
	Author = {Hu, Bin and Raveri, Marco and Rizzato, Matteo and Silvestri, Alessandra},
	Doi = {10.1093/mnras/stw775},
	Eprint = {1601.07536},
	Journal = {Mon. Not. Roy. Astron. Soc.},
	Number = {4},
	Pages = {3880-3889},
	Primaryclass = {astro-ph.CO},
	Slaccitation = {%%CITATION = ARXIV:1601.07536;%%},
	Title = {{Testing Hu?Sawicki f(R) gravity with the effective field theory approach}},
	Volume = {459},
	Year = {2016},
	Bdsk-Url-1 = {http://dx.doi.org/10.1093/mnras/stw775}}
}


@article{Pogosian:2010tj,
      author         = "Pogosian, Levon and Silvestri, Alessandra and Koyama,
                        Kazuya and Zhao, Gong-Bo",
      title          = "{How to optimally parametrize deviations from General
                        Relativity in the evolution of cosmological
                        perturbations?}",
      journal        = "Phys. Rev.",
      volume         = "D81",
      year           = "2010",
      pages          = "104023",
      doi            = "10.1103/PhysRevD.81.104023",
      eprint         = "1002.2382",
      archivePrefix  = "arXiv",
      primaryClass   = "astro-ph.CO",
      SLACcitation   = "%%CITATION = ARXIV:1002.2382;%%"
}

@article{Aghanim:2018eyx,
      author         = "Aghanim, N. and others",
      title          = "{Planck 2018 results. VI. Cosmological parameters}",
      collaboration  = "Planck",
      year           = "2018",
      eprint         = "1807.06209",
      archivePrefix  = "arXiv",
      primaryClass   = "astro-ph.CO",
      SLACcitation   = "%%CITATION = ARXIV:1807.06209;%%"
}

@article{Riess:1998cb,
      author         = "Riess, Adam G. and others",
      title          = "{Observational evidence from supernovae for an
                        accelerating universe and a cosmological constant}",
      collaboration  = "Supernova Search Team",
      journal        = "Astron. J.",
      volume         = "116",
      year           = "1998",
      pages          = "1009-1038",
      doi            = "10.1086/300499",
      eprint         = "astro-ph/9805201",
      archivePrefix  = "arXiv",
      primaryClass   = "astro-ph",
      SLACcitation   = "%%CITATION = ASTRO-PH/9805201;%%"
}

@article{Pogosian:2016pwr,
	Archiveprefix = {arXiv},
	Author = {Pogosian, Levon and Silvestri, Alessandra},
	Eprint = {1606.05339},
	Primaryclass = {astro-ph.CO},
	Slaccitation = {%%CITATION = ARXIV:1606.05339;%%},
	Title = {{What can Cosmology tell us about Gravity? Constraining Horndeski with Sigma and Mu}},
	Year = {2016}}
}

@misc{zqhuang_2016_61166,
	Author = {Huang, Zhiqi},
	Doi = {10.5281/zenodo.61166},
	Month = {August},
	Note = {\url{http://dx.doi.org/10.5281/zenodo.61166}},
	Title = {{COOP: first release; EFTDE/XFASTER/CPLDE}},
	Year = {2016},
	Bdsk-Url-1 = {http://dx.doi.org/10.5281/zenodo.61166}}
